<?xml version="1.0" encoding="UTF-8"?>
<!DOCTYPE html PUBLIC "-//W3C//DTD XHTML 1.0 Transitional//EN"
    "http://www.w3.org/TR/xhtml1/DTD/xhtml1-transitional.dtd">
<html xmlns="http://www.w3.org/1999/xhtml" xml:lang="en" lang="en">
 <head>
  <title>
</title>
<meta http-equiv="Content-Type" content="text/html;charset=utf-8" />
  <meta name='ocr-system' content='tesseract 3.04.00' />
  <meta name='ocr-capabilities' content='ocr_page ocr_carea ocr_par ocr_line ocrx_word'/>
</head>
<body>
  <div class='ocr_page' id='page_1' title='image "./ionaevitaesanct01jonagoog_0148.png"; bbox 0 0 2978 4928; ppageno 0'>
   <div class='ocr_carea' id='block_1_1' title="bbox 375 415 1279 486">
    <p class='ocr_par' dir='ltr' id='par_1_1' title="bbox 375 415 1279 486">
     <span class='ocr_line' id='line_1_1' title="bbox 375 415 1279 486; baseline 0.003 -14"><span class='ocrx_word' id='word_1_1' title='bbox 375 417 500 486; x_wconf 87' lang='lat' dir='ltr'>IONAS,</span> <span class='ocrx_word' id='word_1_2' title='bbox 513 416 634 471; x_wconf 82' lang='lat' dir='ltr'><strong>VITAE</strong></span> <span class='ocrx_word' id='word_1_3' title='bbox 654 415 881 471; x_wconf 79' lang='lat' dir='ltr'><strong>COLUMBANI</strong></span> <span class='ocrx_word' id='word_1_4' title='bbox 899 416 1008 471; x_wconf 84' lang='lat' dir='ltr'><strong>LIBRI</strong></span> <span class='ocrx_word' id='word_1_5' title='bbox 1026 416 1065 473; x_wconf 90' lang='lat' dir='ltr'>H.</span> <span class='ocrx_word' id='word_1_6' title='bbox 1227 421 1279 475; x_wconf 49' lang='lat'><strong>1311</strong></span> 
     </span>
    </p>
   </div>
   <div class='ocr_carea' id='block_1_2' title="bbox 116 606 1277 1485">
    <p class='ocr_par' dir='ltr' id='par_1_2' title="bbox 116 606 1277 1485">
     <span class='ocr_line' id='line_1_2' title="bbox 161 606 882 680; baseline 0.001 -17"><span class='ocrx_word' id='word_1_7' title='bbox 161 624 266 679; x_wconf 88' lang='lat' dir='ltr'>upra</span> <span class='ocrx_word' id='word_1_8' title='bbox 296 624 331 664; x_wconf 89' lang='lat' dir='ltr'>o:</span> <span class='ocrx_word' id='word_1_9' title='bbox 372 610 401 665; x_wconf 79' lang='lat'>2.</span> <span class='ocrx_word' id='word_1_10' title='bbox 422 607 489 665; x_wconf 86' lang='lat' dir='ltr'>decl.</span> <span class='ocrx_word' id='word_1_11' title='bbox 515 624 571 664; x_wconf 90' lang='lat' dir='ltr'>acc.</span> <span class='ocrx_word' id='word_1_12' title='bbox 592 606 636 680; x_wconf 86' lang='lat' dir='ltr'>pl.</span> <span class='ocrx_word' id='word_1_13' title='bbox 661 607 783 664; x_wconf 81' lang='lat' dir='ltr'>viciuos</span> <span class='ocrx_word' id='word_1_14' title='bbox 807 606 862 664; x_wconf 83' lang='lat' dir='ltr'>Fr.</span> <span class='ocrx_word' id='word_1_15' title='bbox 871 628 882 679; x_wconf 89' lang='lat'><em>;</em></span> 
     </span>
     <span class='ocr_line' id='line_1_3' title="bbox 377 687 690 773; baseline -0.003 -20"><span class='ocrx_word' id='word_1_16' title='bbox 377 687 589 773; x_wconf 79' lang='lat' dir='ltr'>[abuminatus</span> <span class='ocrx_word' id='word_1_17' title='bbox 613 687 690 768; x_wconf 65' lang='lat' dir='ltr'>Frd,</span> 
     </span>
     <span class='ocr_line' id='line_1_4' title="bbox 374 776 1277 855; baseline 0.001 -13"><span class='ocrx_word' id='word_1_18' title='bbox 374 785 562 842; x_wconf 84' lang='lat' dir='ltr'>caenobium</span> <span class='ocrx_word' id='word_1_19' title='bbox 582 784 612 840; x_wconf 96' lang='grc' dir='ltr'><strong><em>Β</em></strong></span> <span class='ocrx_word' id='word_1_20' title='bbox 627 785 664 841; x_wconf 91' lang='lat' dir='ltr'>la</span> <span class='ocrx_word' id='word_1_21' title='bbox 687 801 749 841; x_wconf 91' lang='lat' dir='ltr'>cum</span> <span class='ocrx_word' id='word_1_22' title='bbox 767 782 822 840; x_wconf 84' lang='lat' dir='ltr'>Fr.</span> <span class='ocrx_word' id='word_1_23' title='bbox 846 776 941 854; x_wconf 86' lang='lat' dir='ltr'>(semel</span> <span class='ocrx_word' id='word_1_24' title='bbox 964 778 1092 855; x_wconf 87' lang='lat' dir='ltr'>cinubii)</span> <span class='ocrx_word' id='word_1_25' title='bbox 1116 788 1143 842; x_wconf 78' lang='lat' dir='ltr'>et</span> <span class='ocrx_word' id='word_1_26' title='bbox 1162 783 1193 842; x_wconf 86' lang='lat' dir='ltr'>V.</span> <span class='ocrx_word' id='word_1_27' title='bbox 1214 783 1277 843; x_wconf 84' lang='lat' dir='ltr'>Iob.</span> 
     </span>
     <span class='ocr_line' id='line_1_5' title="bbox 420 866 958 945; baseline -0.004 -14"><span class='ocrx_word' id='word_1_28' title='bbox 420 891 443 931; x_wconf 91' lang='lat' dir='ltr'>c.</span> <span class='ocrx_word' id='word_1_29' title='bbox 465 874 503 930; x_wconf 89' lang='lat'>17</span> <span class='ocrx_word' id='word_1_30' title='bbox 528 866 588 943; x_wconf 88' lang='lat' dir='ltr'>(ubi</span> <span class='ocrx_word' id='word_1_31' title='bbox 610 872 725 945; x_wconf 87' lang='lat' dir='ltr'>saepius</span> <span class='ocrx_word' id='word_1_32' title='bbox 748 868 958 945; x_wconf 83' lang='lat' dir='ltr'>coenubium),</span> 
     </span>
     <span class='ocr_line' id='line_1_6' title="bbox 129 952 638 1038; baseline 0.006 -22"><span class='ocrx_word' id='word_1_33' title='bbox 129 977 142 1016; x_wconf 79' lang='lat' dir='ltr'>s</span> <span class='ocrx_word' id='word_1_34' title='bbox 377 952 537 1038; x_wconf 76' lang='lat' dir='ltr'>[costudiis</span> <span class='ocrx_word' id='word_1_35' title='bbox 560 953 638 1034; x_wconf 66' lang='lat' dir='ltr'>Frd,</span> 
     </span>
     <span class='ocr_line' id='line_1_7' title="bbox 377 1041 748 1127; baseline 0.003 -21"><span class='ocrx_word' id='word_1_36' title='bbox 377 1041 492 1127; x_wconf 84' lang='lat' dir='ltr'>[lucum</span> <span class='ocrx_word' id='word_1_37' title='bbox 510 1068 562 1123; x_wconf 88' lang='lat' dir='ltr'>pr.</span> <span class='ocrx_word' id='word_1_38' title='bbox 586 1068 623 1108; x_wconf 92' lang='lat' dir='ltr'>m.</span> <span class='ocrx_word' id='word_1_39' title='bbox 648 1049 676 1105; x_wconf 90' lang='lat' dir='ltr'><strong><em>A</em></strong></span> <span class='ocrx_word' id='word_1_40' title='bbox 692 1042 748 1122; x_wconf 84' lang='lat' dir='ltr'>la],</span> 
     </span>
     <span class='ocr_line' id='line_1_8' title="bbox 374 1137 855 1214; baseline -0.002 -18"><span class='ocrx_word' id='word_1_41' title='bbox 374 1141 457 1196; x_wconf 82' lang='lat' dir='ltr'>-ori·:</span> <span class='ocrx_word' id='word_1_42' title='bbox 482 1139 697 1214; x_wconf 77' lang='lat' dir='ltr'><strong>perfuncturio</strong></span> <span class='ocrx_word' id='word_1_43' title='bbox 721 1137 751 1195; x_wconf 94' lang='grc' dir='ltr'><strong><em>Β</em></strong></span> <span class='ocrx_word' id='word_1_44' title='bbox 766 1140 811 1196; x_wconf 90' lang='lat' dir='ltr'>la.</span> <span class='ocrx_word' id='word_1_45' title='bbox 830 1138 855 1207; x_wconf 91' lang='lat' dir='ltr'>b,</span> 
     </span>
     <span class='ocr_line' id='line_1_9' title="bbox 426 1226 906 1296; baseline -0.002 -11"><span class='ocrx_word' id='word_1_46' title='bbox 426 1228 628 1285; x_wconf 79' lang='lat' dir='ltr'>refectorium</span> <span class='ocrx_word' id='word_1_47' title='bbox 652 1226 679 1283; x_wconf 91' lang='lat' dir='ltr'><strong><em>A</em></strong></span> <span class='ocrx_word' id='word_1_48' title='bbox 698 1229 733 1286; x_wconf 91' lang='lat' dir='ltr'>la</span> <span class='ocrx_word' id='word_1_49' title='bbox 755 1244 818 1285; x_wconf 88' lang='lat' dir='ltr'>eum</span> <span class='ocrx_word' id='word_1_50' title='bbox 840 1226 906 1296; x_wconf 75' lang='lat' dir='ltr'>Fr,</span> 
     </span>
     <span class='ocr_line' id='line_1_10' title="bbox 388 1304 636 1394; baseline 0 -21"><span class='ocrx_word' id='word_1_51' title='bbox 388 1321 533 1392; x_wconf 82' lang='lat' dir='ltr'>permuta</span> <span class='ocrx_word' id='word_1_52' title='bbox 556 1304 636 1394; x_wconf 59' lang='grc' dir='ltr'>ΒΗ,</span> 
     </span>
     <span class='ocr_line' id='line_1_11' title="bbox 116 1395 1276 1485; baseline 0.005 -26"><span class='ocrx_word' id='word_1_53' title='bbox 116 1421 141 1461; x_wconf 87' lang='lat'>10</span> <span class='ocrx_word' id='word_1_54' title='bbox 386 1407 611 1481; x_wconf 72' lang='lat' dir='ltr'>prestulanbur,</span> <span class='ocrx_word' id='word_1_55' title='bbox 636 1406 849 1480; x_wconf 82' lang='lat' dir='ltr'>scupulorum,</span> <span class='ocrx_word' id='word_1_56' title='bbox 878 1409 1004 1480; x_wconf 72' lang='lat' dir='ltr'>turpere</span> <span class='ocrx_word' id='word_1_57' title='bbox 1030 1423 1082 1478; x_wconf 90' lang='lat' dir='ltr'>pr.</span> <span class='ocrx_word' id='word_1_58' title='bbox 1105 1423 1144 1464; x_wconf 91' lang='lat' dir='ltr'>m.</span> <span class='ocrx_word' id='word_1_59' title='bbox 1168 1395 1276 1485; x_wconf 88' lang='lat' dir='ltr'>Ala];</span> 
     </span>
    </p>
   </div>
   <div class='ocr_carea' id='block_1_3' title="bbox 114 1509 1278 1944">
    <p class='ocr_par' dir='ltr' id='par_1_3' title="bbox 114 1509 1278 1944">
     <span class='ocr_line' id='line_1_12' title="bbox 160 1509 1043 1587; baseline -0.001 -16"><span class='ocrx_word' id='word_1_60' title='bbox 160 1531 196 1571; x_wconf 91' lang='lat' dir='ltr'>oe</span> <span class='ocrx_word' id='word_1_61' title='bbox 214 1531 273 1586; x_wconf 87' lang='lat' dir='ltr'>pro</span> <span class='ocrx_word' id='word_1_62' title='bbox 297 1531 329 1570; x_wconf 90' lang='lat' dir='ltr'>e:</span> <span class='ocrx_word' id='word_1_63' title='bbox 372 1514 475 1587; x_wconf 75' lang='lat' dir='ltr'>coepit</span> <span class='ocrx_word' id='word_1_64' title='bbox 497 1511 525 1568; x_wconf 97' lang='lat' dir='ltr'><strong><em>A</em></strong></span> <span class='ocrx_word' id='word_1_65' title='bbox 541 1513 587 1570; x_wconf 89' lang='lat' dir='ltr'>la.</span> <span class='ocrx_word' id='word_1_66' title='bbox 604 1512 629 1570; x_wconf 86' lang='lat' dir='ltr'>b.</span> <span class='ocrx_word' id='word_1_67' title='bbox 654 1511 684 1568; x_wconf 98' lang='grc' dir='ltr'><strong><em>Β</em></strong></span> <span class='ocrx_word' id='word_1_68' title='bbox 700 1513 746 1580; x_wconf 89' lang='lat' dir='ltr'>la,</span> <span class='ocrx_word' id='word_1_69' title='bbox 770 1514 932 1586; x_wconf 76' lang='lat' dir='ltr'>concoepti</span> <span class='ocrx_word' id='word_1_70' title='bbox 955 1509 1043 1584; x_wconf 92' lang='lat' dir='ltr'>Ala,</span> 
     </span>
     <span class='ocr_line' id='line_1_13' title="bbox 372 1600 821 1670; baseline -0.004 -11"><span class='ocrx_word' id='word_1_71' title='bbox 372 1602 514 1659; x_wconf 72' lang='lat' dir='ltr'>loetifera</span> <span class='ocrx_word' id='word_1_72' title='bbox 536 1600 564 1657; x_wconf 96' lang='lat' dir='ltr'><strong><em>A</em></strong></span> <span class='ocrx_word' id='word_1_73' title='bbox 578 1603 606 1658; x_wconf 79' lang='lat'>2.</span> <span class='ocrx_word' id='word_1_74' title='bbox 631 1600 661 1657; x_wconf 92' lang='grc' dir='ltr'><em>Β</em></span> <span class='ocrx_word' id='word_1_75' title='bbox 676 1603 722 1659; x_wconf 88' lang='lat' dir='ltr'>la.</span> <span class='ocrx_word' id='word_1_76' title='bbox 740 1601 766 1658; x_wconf 89' lang='lat' dir='ltr'>b.</span> <span class='ocrx_word' id='word_1_77' title='bbox 792 1603 821 1670; x_wconf 77' lang='lat'>2,</span> 
     </span>
     <span class='ocr_line' id='line_1_14' title="bbox 373 1688 1277 1766; baseline 0 -18"><span class='ocrx_word' id='word_1_78' title='bbox 373 1708 489 1766; x_wconf 84' lang='lat' dir='ltr'>poenes</span> <span class='ocrx_word' id='word_1_79' title='bbox 509 1690 564 1747; x_wconf 83' lang='lat' dir='ltr'>Fr.</span> <span class='ocrx_word' id='word_1_80' title='bbox 584 1694 611 1748; x_wconf 77' lang='lat' dir='ltr'>et</span> <span class='ocrx_word' id='word_1_81' title='bbox 633 1689 709 1748; x_wconf 82' lang='lat' dir='ltr'>alias</span> <span class='ocrx_word' id='word_1_82' title='bbox 726 1688 812 1758; x_wconf 91' lang='lat' dir='ltr'>Ala,</span> <span class='ocrx_word' id='word_1_83' title='bbox 832 1688 915 1747; x_wconf 89' lang='lat' dir='ltr'><strong><em>Ala.</em></strong></span> <span class='ocrx_word' id='word_1_84' title='bbox 935 1691 965 1759; x_wconf 84' lang='lat'>2,</span> <span class='ocrx_word' id='word_1_85' title='bbox 988 1689 1074 1747; x_wconf 90' lang='lat' dir='ltr'>Ala.</span> <span class='ocrx_word' id='word_1_86' title='bbox 1098 1688 1186 1760; x_wconf 89' lang='lat' dir='ltr'>Bla,</span> <span class='ocrx_word' id='word_1_87' title='bbox 1210 1688 1277 1748; x_wconf 84' lang='lat' dir='ltr'>A4.</span> 
     </span>
     <span class='ocr_line' id='line_1_15' title="bbox 426 1773 1278 1857; baseline 0.002 -21"><span class='ocrx_word' id='word_1_88' title='bbox 426 1778 456 1836; x_wconf 91' lang='grc' dir='ltr'><em>Β</em></span> <span class='ocrx_word' id='word_1_89' title='bbox 471 1781 516 1837; x_wconf 89' lang='lat' dir='ltr'>la.</span> <span class='ocrx_word' id='word_1_90' title='bbox 535 1779 551 1836; x_wconf 87' lang='lat' dir='ltr'>b</span> <span class='ocrx_word' id='word_1_91' title='bbox 574 1773 694 1853; x_wconf 85' lang='lat' dir='ltr'>(poenis</span> <span class='ocrx_word' id='word_1_92' title='bbox 712 1796 763 1851; x_wconf 90' lang='lat' dir='ltr'>pr.</span> <span class='ocrx_word' id='word_1_93' title='bbox 780 1797 818 1835; x_wconf 93' lang='lat' dir='ltr'>m.</span> <span class='ocrx_word' id='word_1_94' title='bbox 835 1776 862 1834; x_wconf 96' lang='lat' dir='ltr'><strong><em>A</em></strong></span> <span class='ocrx_word' id='word_1_95' title='bbox 879 1780 933 1851; x_wconf 89' lang='lat' dir='ltr'>lu;</span> <span class='ocrx_word' id='word_1_96' title='bbox 955 1794 1054 1857; x_wconf 72' lang='lat' dir='ltr'>penes</span> <span class='ocrx_word' id='word_1_97' title='bbox 1077 1778 1156 1836; x_wconf 90' lang='lat' dir='ltr'>Bla</span> <span class='ocrx_word' id='word_1_98' title='bbox 1178 1795 1278 1853; x_wconf 87' lang='lat' dir='ltr'>saepe,·</span> 
     </span>
     <span class='ocr_line' id='line_1_16' title="bbox 114 1862 798 1944; baseline -0.003 -18"><span class='ocrx_word' id='word_1_99' title='bbox 114 1887 140 1926; x_wconf 78' lang='lat'>15</span> <span class='ocrx_word' id='word_1_100' title='bbox 426 1886 542 1944; x_wconf 82' lang='lat' dir='ltr'>paenes</span> <span class='ocrx_word' id='word_1_101' title='bbox 564 1867 596 1924; x_wconf 87' lang='lat' dir='ltr'>V.</span> <span class='ocrx_word' id='word_1_102' title='bbox 618 1866 684 1925; x_wconf 89' lang='lat' dir='ltr'>Ved.</span> <span class='ocrx_word' id='word_1_103' title='bbox 709 1885 732 1925; x_wconf 93' lang='lat' dir='ltr'>c.</span> <span class='ocrx_word' id='word_1_104' title='bbox 752 1862 798 1939; x_wconf 88' lang='lat'>7);</span> 
     </span>
    </p>
   </div>
   <div class='ocr_carea' id='block_1_4' title="bbox 162 1965 760 2140">
    <p class='ocr_par' dir='ltr' id='par_1_4' title="bbox 162 1965 760 2140">
     <span class='ocr_line' id='line_1_17' title="bbox 162 1965 737 2054; baseline -0.007 -20"><span class='ocrx_word' id='word_1_105' title='bbox 162 1965 192 2054; x_wconf 88' lang='lat' dir='ltr'>[p</span> <span class='ocrx_word' id='word_1_106' title='bbox 216 1975 341 2034; x_wconf 79' lang='lat' dir='ltr'>inserta:</span> <span class='ocrx_word' id='word_1_107' title='bbox 374 1976 512 2050; x_wconf 86' lang='lat' dir='ltr'>dampno</span> <span class='ocrx_word' id='word_1_108' title='bbox 536 1972 626 2042; x_wconf 92' lang='lat' dir='ltr'>Ala,</span> <span class='ocrx_word' id='word_1_109' title='bbox 650 1991 737 2043; x_wconf 67' lang='lat' dir='ltr'>corr„</span> 
     </span>
     <span class='ocr_line' id='line_1_18' title="bbox 372 2051 760 2140; baseline -0.005 -19"><span class='ocrx_word' id='word_1_110' title='bbox 372 2068 573 2139; x_wconf 77' lang='lat' dir='ltr'>tempnentes</span> <span class='ocrx_word' id='word_1_111' title='bbox 597 2061 685 2120; x_wconf 91' lang='lat' dir='ltr'>Ala.</span> <span class='ocrx_word' id='word_1_112' title='bbox 712 2051 760 2140; x_wconf 79' lang='lat'>2];</span> 
     </span>
    </p>
   </div>
   <div class='ocr_carea' id='block_1_5' title="bbox 114 2168 1134 2710">
    <p class='ocr_par' dir='ltr' id='par_1_5' title="bbox 114 2168 1134 2710">
     <span class='ocr_line' id='line_1_19' title="bbox 158 2168 842 2247; baseline -0.004 -18"><span class='ocrx_word' id='word_1_113' title='bbox 158 2191 179 2247; x_wconf 92' lang='lat' dir='ltr'>p</span> <span class='ocrx_word' id='word_1_114' title='bbox 202 2171 324 2229; x_wconf 84' lang='lat' dir='ltr'>omissa:</span> <span class='ocrx_word' id='word_1_115' title='bbox 374 2172 605 2245; x_wconf 71' lang='lat' dir='ltr'>depromemus</span> <span class='ocrx_word' id='word_1_116' title='bbox 629 2168 656 2225; x_wconf 91' lang='lat' dir='ltr'><strong><em>A</em></strong></span> <span class='ocrx_word' id='word_1_117' title='bbox 676 2171 718 2227; x_wconf 89' lang='lat' dir='ltr'>la.</span> <span class='ocrx_word' id='word_1_118' title='bbox 742 2168 773 2225; x_wconf 94' lang='lat' dir='ltr'><em>B</em></span> <span class='ocrx_word' id='word_1_119' title='bbox 790 2170 842 2237; x_wconf 87' lang='lat' dir='ltr'>la;</span> 
     </span>
     <span class='ocr_line' id='line_1_20' title="bbox 158 2258 1038 2345; baseline -0.005 -19"><span class='ocrx_word' id='word_1_120' title='bbox 158 2269 202 2345; x_wconf 90' lang='lat' dir='ltr'>ph</span> <span class='ocrx_word' id='word_1_121' title='bbox 220 2287 279 2342; x_wconf 90' lang='lat' dir='ltr'>pro</span> <span class='ocrx_word' id='word_1_122' title='bbox 301 2288 338 2325; x_wconf 88' lang='lat' dir='ltr'>v:</span> <span class='ocrx_word' id='word_1_123' title='bbox 375 2270 513 2343; x_wconf 68' lang='lat' dir='ltr'>sciphum</span> <span class='ocrx_word' id='word_1_124' title='bbox 538 2258 689 2344; x_wconf 70' lang='lat' dir='ltr'>(sciptum</span> <span class='ocrx_word' id='word_1_125' title='bbox 712 2259 803 2339; x_wconf 83' lang='lat' dir='ltr'>Ala)</span> <span class='ocrx_word' id='word_1_126' title='bbox 827 2264 916 2324; x_wconf 88' lang='lat' dir='ltr'><strong><em>Ala.</em></strong></span> <span class='ocrx_word' id='word_1_127' title='bbox 940 2265 970 2322; x_wconf 96' lang='grc' dir='ltr'><strong><em>Β</em></strong></span> <span class='ocrx_word' id='word_1_128' title='bbox 986 2267 1038 2335; x_wconf 83' lang='lat' dir='ltr'>la3</span> 
     </span>
     <span class='ocr_line' id='line_1_21' title="bbox 114 2363 1134 2434; baseline -0.002 -12"><span class='ocrx_word' id='word_1_129' title='bbox 114 2384 140 2422; x_wconf 82' lang='lat'>20</span> <span class='ocrx_word' id='word_1_130' title='bbox 158 2386 173 2423; x_wconf 87' lang='lat' dir='ltr'>r</span> <span class='ocrx_word' id='word_1_131' title='bbox 196 2366 313 2425; x_wconf 81' lang='lat' dir='ltr'>addita:</span> <span class='ocrx_word' id='word_1_132' title='bbox 373 2366 492 2423; x_wconf 77' lang='lat' dir='ltr'>frustra</span> <span class='ocrx_word' id='word_1_133' title='bbox 514 2365 594 2424; x_wconf 84' lang='lat' dir='ltr'><strong><em>codd.</em></strong></span> <span class='ocrx_word' id='word_1_134' title='bbox 620 2383 683 2423; x_wconf 90' lang='lat' dir='ltr'>cum</span> <span class='ocrx_word' id='word_1_135' title='bbox 705 2364 772 2434; x_wconf 72' lang='lat' dir='ltr'>Fu,</span> <span class='ocrx_word' id='word_1_136' title='bbox 796 2364 872 2422; x_wconf 88' lang='lat' dir='ltr'>alias</span> <span class='ocrx_word' id='word_1_137' title='bbox 894 2363 981 2421; x_wconf 91' lang='lat' dir='ltr'>Alb.</span> <span class='ocrx_word' id='word_1_138' title='bbox 1001 2366 1031 2421; x_wconf 74' lang='lat'>2.</span> <span class='ocrx_word' id='word_1_139' title='bbox 1056 2363 1134 2433; x_wconf 75' lang='lat' dir='ltr'>Be,</span> 
     </span>
     <span class='ocr_line' id='line_1_22' title="bbox 158 2449 856 2538; baseline -0.004 -17"><span class='ocrx_word' id='word_1_140' title='bbox 158 2483 178 2521; x_wconf 85' lang='lat' dir='ltr'><strong>x</strong></span> <span class='ocrx_word' id='word_1_141' title='bbox 195 2483 253 2538; x_wconf 91' lang='lat' dir='ltr'>pro</span> <span class='ocrx_word' id='word_1_142' title='bbox 277 2483 329 2520; x_wconf 85' lang='lat' dir='ltr'>xs:</span> <span class='ocrx_word' id='word_1_143' title='bbox 373 2465 475 2533; x_wconf 85' lang='lat' dir='ltr'>exilio,</span> <span class='ocrx_word' id='word_1_144' title='bbox 501 2449 658 2530; x_wconf 76' lang='lat' dir='ltr'>existereb,</span> <span class='ocrx_word' id='word_1_145' title='bbox 683 2466 856 2537; x_wconf 75' lang='lat' dir='ltr'>expectare,</span> 
     </span>
     <span class='ocr_line' id='line_1_23' title="bbox 374 2540 750 2629; baseline -0.008 -19"><span class='ocrx_word' id='word_1_146' title='bbox 374 2543 414 2629; x_wconf 80' lang='lat' dir='ltr'>[ai</span> <span class='ocrx_word' id='word_1_147' title='bbox 437 2553 626 2626; x_wconf 75' lang='lat' dir='ltr'>exspoliator</span> <span class='ocrx_word' id='word_1_148' title='bbox 648 2540 750 2628; x_wconf 86' lang='lat' dir='ltr'>Ala],</span> 
     </span>
     <span class='ocr_line' id='line_1_24' title="bbox 371 2642 580 2710; baseline -0.005 -12"><span class='ocrx_word' id='word_1_149' title='bbox 371 2642 580 2710; x_wconf 67' lang='lat' dir='ltr'>exulandum</span> 
     </span>
    </p>
   </div>
   <div class='ocr_carea' id='block_1_6' title="bbox 45 2699 867 2912">
    <p class='ocr_par' dir='ltr' id='par_1_6' title="bbox 45 2699 867 2912">
     <span class='ocr_line' id='line_1_25' title="bbox 45 2699 601 2817; baseline -0.002 -20"><span class='ocrx_word' id='word_1_150' title='bbox 45 2766 48 2774; x_wconf 89' lang='lat'>·</span> <span class='ocrx_word' id='word_1_151' title='bbox 117 2699 121 2707; x_wconf 18' lang='grc' dir='ltr'><em>Δ</em></span> <span class='ocrx_word' id='word_1_152' title='bbox 160 2728 207 2817; x_wconf 78' lang='lat' dir='ltr'>[xo</span> <span class='ocrx_word' id='word_1_153' title='bbox 228 2757 287 2812; x_wconf 93' lang='lat' dir='ltr'>pro</span> <span class='ocrx_word' id='word_1_154' title='bbox 311 2758 341 2796; x_wconf 83' lang='lat' dir='ltr'>s:</span> <span class='ocrx_word' id='word_1_155' title='bbox 374 2740 496 2814; x_wconf 84' lang='lat' dir='ltr'>prolexs</span> <span class='ocrx_word' id='word_1_156' title='bbox 520 2728 601 2814; x_wconf 59' lang='lat' dir='ltr'>Pup</span> 
     </span>
     <span class='ocr_line' id='line_1_26' title="bbox 113 2833 867 2912; baseline -0.004 -17"><span class='ocrx_word' id='word_1_157' title='bbox 113 2855 139 2895; x_wconf 77' lang='lat' dir='ltr'>se</span> <span class='ocrx_word' id='word_1_158' title='bbox 158 2856 194 2894; x_wconf 85' lang='lat' dir='ltr'>xs</span> <span class='ocrx_word' id='word_1_159' title='bbox 212 2855 271 2910; x_wconf 91' lang='lat' dir='ltr'>pro</span> <span class='ocrx_word' id='word_1_160' title='bbox 294 2856 329 2893; x_wconf 86' lang='lat' dir='ltr'>x:</span> <span class='ocrx_word' id='word_1_161' title='bbox 373 2840 584 2912; x_wconf 81' lang='lat' dir='ltr'>exsequentur</span> <span class='ocrx_word' id='word_1_162' title='bbox 607 2833 695 2893; x_wconf 91' lang='lat' dir='ltr'>Ala.</span> <span class='ocrx_word' id='word_1_163' title='bbox 714 2837 743 2892; x_wconf 79' lang='lat'>2.</span> <span class='ocrx_word' id='word_1_164' title='bbox 768 2834 798 2892; x_wconf 94' lang='grc' dir='ltr'><strong><em>Β</em></strong></span> <span class='ocrx_word' id='word_1_165' title='bbox 813 2836 867 2907; x_wconf 88' lang='lat' dir='ltr'>1a;</span> 
     </span>
    </p>
   </div>
   <div class='ocr_carea' id='block_1_7' title="bbox 159 2935 1139 3097">
    <p class='ocr_par' dir='ltr' id='par_1_7' title="bbox 159 2935 1139 3097">
     <span class='ocr_line' id='line_1_27' title="bbox 159 2935 621 3009; baseline -0.002 -18"><span class='ocrx_word' id='word_1_166' title='bbox 159 2953 196 2991; x_wconf 88' lang='lat' dir='ltr'>ex</span> <span class='ocrx_word' id='word_1_167' title='bbox 214 2953 272 3008; x_wconf 84' lang='lat' dir='ltr'>pro</span> <span class='ocrx_word' id='word_1_168' title='bbox 297 2953 327 2991; x_wconf 87' lang='lat' dir='ltr'>s:</span> <span class='ocrx_word' id='word_1_169' title='bbox 374 2935 621 3009; x_wconf 82' lang='lat' dir='ltr'>expectaculum,</span> 
     </span>
     <span class='ocr_line' id='line_1_28' title="bbox 372 3019 1139 3097; baseline -0.001 -19"><span class='ocrx_word' id='word_1_170' title='bbox 372 3029 516 3097; x_wconf 85' lang='lat' dir='ltr'>exspreta</span> <span class='ocrx_word' id='word_1_171' title='bbox 539 3022 564 3078; x_wconf 92' lang='lat' dir='ltr'><strong><em>A</em></strong></span> <span class='ocrx_word' id='word_1_172' title='bbox 583 3025 615 3081; x_wconf 87' lang='lat' dir='ltr'>lc</span> <span class='ocrx_word' id='word_1_173' title='bbox 639 3021 693 3091; x_wconf 85' lang='lat' dir='ltr'>(ef.</span> <span class='ocrx_word' id='word_1_174' title='bbox 719 3022 861 3096; x_wconf 81' lang='lat' dir='ltr'>exprevit</span> <span class='ocrx_word' id='word_1_175' title='bbox 880 3020 911 3078; x_wconf 89' lang='lat' dir='ltr'>V.</span> <span class='ocrx_word' id='word_1_176' title='bbox 937 3019 1000 3077; x_wconf 83' lang='lat' dir='ltr'>Iob.</span> <span class='ocrx_word' id='word_1_177' title='bbox 1025 3019 1139 3088; x_wconf 79' lang='lat'>0.10);</span> 
     </span>
    </p>
   </div>
   <div class='ocr_carea' id='block_1_8' title="bbox 158 3107 885 3282">
    <p class='ocr_par' dir='ltr' id='par_1_8' title="bbox 158 3107 885 3282">
     <span class='ocr_line' id='line_1_29' title="bbox 158 3107 885 3196; baseline -0.001 -19"><span class='ocrx_word' id='word_1_178' title='bbox 158 3138 256 3194; x_wconf 88' lang='lat' dir='ltr'>ypra</span> <span class='ocrx_word' id='word_1_179' title='bbox 279 3122 304 3177; x_wconf 90' lang='lat' dir='ltr'>i:</span> <span class='ocrx_word' id='word_1_180' title='bbox 375 3110 493 3196; x_wconf 84' lang='lat' dir='ltr'>[cybus,</span> <span class='ocrx_word' id='word_1_181' title='bbox 517 3121 628 3194; x_wconf 85' lang='lat' dir='ltr'>ymber</span> <span class='ocrx_word' id='word_1_182' title='bbox 651 3137 760 3192; x_wconf 81' lang='lat' dir='ltr'>semper</span> <span class='ocrx_word' id='word_1_183' title='bbox 782 3118 810 3174; x_wconf 89' lang='lat' dir='ltr'><strong><em>A</em></strong></span> <span class='ocrx_word' id='word_1_184' title='bbox 825 3107 885 3193; x_wconf 79' lang='lat' dir='ltr'>la],</span> 
     </span>
     <span class='ocr_line' id='line_1_30' title="bbox 275 3207 698 3282; baseline -0.007 -13"><span class='ocrx_word' id='word_1_185' title='bbox 275 3263 277 3269; x_wconf 90' lang='lat'><em>.</em></span> <span class='ocrx_word' id='word_1_186' title='bbox 371 3214 441 3282; x_wconf 80' lang='lat' dir='ltr'>tyro</span> <span class='ocrx_word' id='word_1_187' title='bbox 465 3207 554 3266; x_wconf 88' lang='lat' dir='ltr'>Ala.</span> <span class='ocrx_word' id='word_1_188' title='bbox 573 3211 601 3266; x_wconf 78' lang='lat'>2.</span> <span class='ocrx_word' id='word_1_189' title='bbox 626 3208 656 3266; x_wconf 94' lang='grc' dir='ltr'><strong><em>Β</em></strong></span> <span class='ocrx_word' id='word_1_190' title='bbox 669 3211 698 3266; x_wconf 77' lang='lat'>2.</span> 
     </span>
    </p>
   </div>
   <div class='ocr_carea' id='block_1_9' title="bbox 112 3305 1365 4451">
    <p class='ocr_par' dir='ltr' id='par_1_9' title="bbox 114 3305 1339 3744">
     <span class='ocr_line' id='line_1_31' title="bbox 114 3305 1273 3385; baseline -0.002 -13"><span class='ocrx_word' id='word_1_191' title='bbox 114 3333 140 3372; x_wconf 80' lang='lat' dir='ltr'>so</span> <span class='ocrx_word' id='word_1_192' title='bbox 265 3308 519 3372; x_wconf 76' lang='lat' dir='ltr'>Permutaticues</span> <span class='ocrx_word' id='word_1_193' title='bbox 542 3307 720 3373; x_wconf 74' lang='lat' dir='ltr'>litterarum</span> <span class='ocrx_word' id='word_1_194' title='bbox 743 3329 821 3372; x_wconf 89' lang='lat' dir='ltr'>e—-</span> <span class='ocrx_word' id='word_1_195' title='bbox 836 3308 858 3380; x_wconf 85' lang='lat' dir='ltr'>i,</span> <span class='ocrx_word' id='word_1_196' title='bbox 895 3327 974 3370; x_wconf 91' lang='grc' dir='ltr'>ο-</span> <span class='ocrx_word' id='word_1_197' title='bbox 990 3329 1013 3369; x_wconf 92' lang='lat' dir='ltr'>u</span> <span class='ocrx_word' id='word_1_198' title='bbox 1043 3305 1139 3369; x_wconf 79' lang='lat' dir='ltr'>multe</span> <span class='ocrx_word' id='word_1_199' title='bbox 1162 3306 1273 3385; x_wconf 85' lang='lat' dir='ltr'>piures</span> 
     </span>
     <span class='ocr_line' id='line_1_32' title="bbox 158 3393 1339 3479; baseline -0.003 -18"><span class='ocrx_word' id='word_1_200' title='bbox 158 3398 245 3479; x_wconf 91' lang='lat' dir='ltr'>apud</span> <span class='ocrx_word' id='word_1_201' title='bbox 259 3396 492 3478; x_wconf 79' lang='lat' dir='ltr'>Fredeparium</span> <span class='ocrx_word' id='word_1_202' title='bbox 508 3416 602 3477; x_wconf 79' lang='lat' dir='ltr'>quam</span> <span class='ocrx_word' id='word_1_203' title='bbox 617 3396 654 3461; x_wconf 89' lang='lat' dir='ltr'>iu</span> <span class='ocrx_word' id='word_1_204' title='bbox 673 3395 830 3461; x_wconf 72' lang='lat' dir='ltr'>codicibus</span> <span class='ocrx_word' id='word_1_205' title='bbox 847 3393 966 3458; x_wconf 79' lang='lat' dir='ltr'>uostris</span> <span class='ocrx_word' id='word_1_206' title='bbox 989 3393 1272 3476; x_wconf 76' lang='lat' dir='ltr'>deprehendamur,</span> <span class='ocrx_word' id='word_1_207' title='bbox 1338 3421 1339 3424; x_wconf 41' lang='lat'>¹</span> 
     </span>
     <span class='ocr_line' id='line_1_33' title="bbox 158 3482 1274 3566; baseline -0.001 -17"><span class='ocrx_word' id='word_1_208' title='bbox 158 3485 284 3566; x_wconf 84' lang='lat' dir='ltr'>uerique</span> <span class='ocrx_word' id='word_1_209' title='bbox 307 3507 371 3550; x_wconf 90' lang='lat' dir='ltr'>uou</span> <span class='ocrx_word' id='word_1_210' title='bbox 394 3485 548 3550; x_wconf 81' lang='lat' dir='ltr'>dissimile</span> <span class='ocrx_word' id='word_1_211' title='bbox 571 3492 616 3550; x_wconf 83' lang='lat' dir='ltr'>est</span> <span class='ocrx_word' id='word_1_212' title='bbox 638 3491 762 3565; x_wconf 76' lang='lat' dir='ltr'>tectum,</span> <span class='ocrx_word' id='word_1_213' title='bbox 786 3505 875 3565; x_wconf 82' lang='lat' dir='ltr'>quem</span> <span class='ocrx_word' id='word_1_214' title='bbox 894 3484 938 3546; x_wconf 89' lang='lat' dir='ltr'>ad</span> <span class='ocrx_word' id='word_1_215' title='bbox 958 3482 1015 3548; x_wconf 83' lang='lat' dir='ltr'>bas</span> <span class='ocrx_word' id='word_1_216' title='bbox 1034 3483 1115 3547; x_wconf 85' lang='lat' dir='ltr'>scios</span> <span class='ocrx_word' id='word_1_217' title='bbox 1132 3483 1274 3562; x_wconf 79' lang='lat' dir='ltr'>formare</span> 
     </span>
     <span class='ocr_line' id='line_1_34' title="bbox 151 3572 1274 3656; baseline -0.001 -18"><span class='ocrx_word' id='word_1_218' title='bbox 151 3575 252 3656; x_wconf 78' lang='lat' dir='ltr'>potui,</span> <span class='ocrx_word' id='word_1_219' title='bbox 277 3580 429 3654; x_wconf 76' lang='lat' dir='ltr'>quactum</span> <span class='ocrx_word' id='word_1_220' title='bbox 452 3576 497 3639; x_wconf 92' lang='lat' dir='ltr'>ad</span> <span class='ocrx_word' id='word_1_221' title='bbox 510 3574 665 3638; x_wconf 79' lang='lat' dir='ltr'>ruticuem</span> <span class='ocrx_word' id='word_1_222' title='bbox 684 3572 842 3639; x_wconf 90' lang='lat' dir='ltr'>scribeudi</span> <span class='ocrx_word' id='word_1_223' title='bbox 861 3577 986 3636; x_wconf 76' lang='lat' dir='ltr'>auctare</span> <span class='ocrx_word' id='word_1_224' title='bbox 1008 3572 1076 3653; x_wconf 77' lang='lat' dir='ltr'>&#39;msc</span> <span class='ocrx_word' id='word_1_225' title='bbox 1093 3573 1193 3654; x_wconf 86' lang='lat' dir='ltr'>pardo</span> <span class='ocrx_word' id='word_1_226' title='bbox 1209 3594 1274 3637; x_wconf 93' lang='lat' dir='ltr'>esse</span> 
     </span>
     <span class='ocr_line' id='line_1_35' title="bbox 158 3660 1274 3744; baseline -0.002 -17"><span class='ocrx_word' id='word_1_227' title='bbox 158 3662 415 3742; x_wconf 68' lang='lat' dir='ltr'>emendatiorem,</span> <span class='ocrx_word' id='word_1_228' title='bbox 455 3685 524 3727; x_wconf 92' lang='lat' dir='ltr'>cum</span> <span class='ocrx_word' id='word_1_229' title='bbox 561 3663 617 3744; x_wconf 82' lang='lat' dir='ltr'>qui</span> <span class='ocrx_word' id='word_1_230' title='bbox 650 3668 758 3727; x_wconf 82' lang='lat' dir='ltr'>eutem</span> <span class='ocrx_word' id='word_1_231' title='bbox 791 3660 911 3726; x_wconf 84' lang='lat' dir='ltr'>codices</span> <span class='ocrx_word' id='word_1_232' title='bbox 943 3662 1102 3726; x_wconf 79' lang='lat' dir='ltr'>saeculum</span> <span class='ocrx_word' id='word_1_233' title='bbox 1133 3661 1178 3724; x_wconf 88' lang='lat' dir='ltr'>X.</span> <span class='ocrx_word' id='word_1_234' title='bbox 1209 3682 1274 3725; x_wconf 86' lang='lat' dir='ltr'>ucu</span> 
     </span>
    </p>

    <p class='ocr_par' dir='ltr' id='par_1_10' title="bbox 113 3749 1365 4190">
     <span class='ocr_line' id='line_1_36' title="bbox 113 3749 1271 3834; baseline -0.002 -19"><span class='ocrx_word' id='word_1_235' title='bbox 113 3777 139 3815; x_wconf 77' lang='lat' dir='ltr'>sc</span> <span class='ocrx_word' id='word_1_236' title='bbox 158 3758 313 3834; x_wconf 83' lang='lat' dir='ltr'>superem.</span> <span class='ocrx_word' id='word_1_237' title='bbox 360 3753 510 3816; x_wconf 81' lang='lat' dir='ltr'>Adameu</span> <span class='ocrx_word' id='word_1_238' title='bbox 541 3750 577 3815; x_wconf 90' lang='lat' dir='ltr'>iu</span> <span class='ocrx_word' id='word_1_239' title='bbox 606 3751 789 3815; x_wconf 79' lang='lat' dir='ltr'>uuiversum</span> <span class='ocrx_word' id='word_1_240' title='bbox 819 3749 897 3814; x_wconf 85' lang='lat' dir='ltr'>iiber</span> <span class='ocrx_word' id='word_1_241' title='bbox 919 3750 948 3813; x_wconf 91' lang='lat' dir='ltr'>I.</span> <span class='ocrx_word' id='word_1_242' title='bbox 972 3749 1021 3813; x_wconf 81' lang='lat' dir='ltr'>ita</span> <span class='ocrx_word' id='word_1_243' title='bbox 1050 3749 1189 3815; x_wconf 78' lang='lat' dir='ltr'>traditus</span> <span class='ocrx_word' id='word_1_244' title='bbox 1219 3755 1271 3831; x_wconf 81' lang='lat' dir='ltr'>est,</span> 
     </span>
     <span class='ocr_line' id='line_1_37' title="bbox 158 3838 1272 3921; baseline -0.003 -17"><span class='ocrx_word' id='word_1_245' title='bbox 158 3841 239 3906; x_wconf 73' lang='lat' dir='ltr'>sicui</span> <span class='ocrx_word' id='word_1_246' title='bbox 260 3848 370 3906; x_wconf 75' lang='lat' dir='ltr'>auctor</span> <span class='ocrx_word' id='word_1_247' title='bbox 391 3862 461 3905; x_wconf 91' lang='lat' dir='ltr'>eum</span> <span class='ocrx_word' id='word_1_248' title='bbox 484 3846 703 3921; x_wconf 77' lang='lat' dir='ltr'>composuerat,</span> <span class='ocrx_word' id='word_1_249' title='bbox 734 3838 890 3918; x_wconf 77' lang='lat' dir='ltr'>dubiaque</span> <span class='ocrx_word' id='word_1_250' title='bbox 906 3859 1017 3921; x_wconf 88' lang='lat' dir='ltr'>pauca</span> <span class='ocrx_word' id='word_1_251' title='bbox 1039 3838 1272 3919; x_wconf 79' lang='lat' dir='ltr'>relinquamur.</span> 
     </span>
     <span class='ocr_line' id='line_1_38' title="bbox 157 3926 1273 4012; baseline -0.004 -17"><span class='ocrx_word' id='word_1_252' title='bbox 157 3930 420 4012; x_wconf 83' lang='lat' dir='ltr'>Discrepautium</span> <span class='ocrx_word' id='word_1_253' title='bbox 446 3927 611 3993; x_wconf 73' lang='lat' dir='ltr'>iectiouum</span> <span class='ocrx_word' id='word_1_254' title='bbox 641 3926 836 3991; x_wconf 80' lang='lat' dir='ltr'>caricatium</span> <span class='ocrx_word' id='word_1_255' title='bbox 866 3926 911 3990; x_wconf 90' lang='lat' dir='ltr'>ud</span> <span class='ocrx_word' id='word_1_256' title='bbox 936 3926 1179 4008; x_wconf 82' lang='lat' dir='ltr'>crtboprapbica</span> <span class='ocrx_word' id='word_1_257' title='bbox 1201 3948 1273 4008; x_wconf 90' lang='lat' dir='ltr'>per-</span> 
     </span>
     <span class='ocr_line' id='line_1_39' title="bbox 158 4015 1365 4099; baseline 0.002 -17"><span class='ocrx_word' id='word_1_258' title='bbox 158 4018 307 4083; x_wconf 77' lang='lat' dir='ltr'>tiueutem</span> <span class='ocrx_word' id='word_1_259' title='bbox 329 4040 394 4083; x_wconf 89' lang='lat' dir='ltr'>uou</span> <span class='ocrx_word' id='word_1_260' title='bbox 413 4016 505 4082; x_wconf 77' lang='lat' dir='ltr'>attuli</span> <span class='ocrx_word' id='word_1_261' title='bbox 527 4016 594 4081; x_wconf 87' lang='lat' dir='ltr'>uisi</span> <span class='ocrx_word' id='word_1_262' title='bbox 610 4016 799 4099; x_wconf 77' lang='lat' dir='ltr'>praviorem.</span> <span class='ocrx_word' id='word_1_263' title='bbox 839 4015 983 4080; x_wconf 90' lang='lat' dir='ltr'>Nomiua</span> <span class='ocrx_word' id='word_1_264' title='bbox 1003 4015 1120 4080; x_wconf 79' lang='lat' dir='ltr'>*autem</span> <span class='ocrx_word' id='word_1_265' title='bbox 1138 4015 1274 4096; x_wconf 87' lang='lat' dir='ltr'>propria</span> <span class='ocrx_word' id='word_1_266' title='bbox 1292 4041 1365 4091; x_wconf 60' lang='lat' dir='ltr'>ruse.</span> 
     </span>
     <span class='ocr_line' id='line_1_40' title="bbox 158 4103 1273 4190; baseline -0.004 -19"><span class='ocrx_word' id='word_1_267' title='bbox 158 4129 180 4171; x_wconf 90' lang='lat' dir='ltr'>a</span> <span class='ocrx_word' id='word_1_268' title='bbox 202 4114 286 4172; x_wconf 79' lang='lat' dir='ltr'>tectu</span> <span class='ocrx_word' id='word_1_269' title='bbox 309 4105 525 4190; x_wconf 73' lang='lat' dir='ltr'>discrepantia</span> <span class='ocrx_word' id='word_1_270' title='bbox 548 4103 722 4186; x_wconf 80' lang='lat' dir='ltr'>apparatui</span> <span class='ocrx_word' id='word_1_271' title='bbox 744 4109 889 4168; x_wconf 79' lang='lat' dir='ltr'>accurate</span> <span class='ocrx_word' id='word_1_272' title='bbox 911 4103 1016 4184; x_wconf 76' lang='lat' dir='ltr'>iuiuii,</span> <span class='ocrx_word' id='word_1_273' title='bbox 1048 4103 1183 4185; x_wconf 78' lang='lat' dir='ltr'>exceptis</span> <span class='ocrx_word' id='word_1_274' title='bbox 1211 4103 1273 4168; x_wconf 89' lang='lat' dir='ltr'>usi-</span> 
     </span>
    </p>

    <p class='ocr_par' dir='ltr' id='par_1_11' title="bbox 112 4191 1273 4451">
     <span class='ocr_line' id='line_1_41' title="bbox 112 4191 1273 4277; baseline -0.002 -18"><span class='ocrx_word' id='word_1_275' title='bbox 112 4220 140 4258; x_wconf 83' lang='lat' dir='ltr'>m</span> <span class='ocrx_word' id='word_1_276' title='bbox 159 4195 326 4261; x_wconf 77' lang='lat' dir='ltr'>tatioribus</span> <span class='ocrx_word' id='word_1_277' title='bbox 349 4195 486 4277; x_wconf 84' lang='lat' dir='ltr'>cripiuis</span> <span class='ocrx_word' id='word_1_278' title='bbox 513 4193 734 4273; x_wconf 75' lang='lat' dir='ltr'>Germanicae,</span> <span class='ocrx_word' id='word_1_279' title='bbox 758 4213 837 4273; x_wconf 80' lang='lat' dir='ltr'>quae</span> <span class='ocrx_word' id='word_1_280' title='bbox 861 4192 985 4257; x_wconf 77' lang='lat' dir='ltr'>collecta</span> <span class='ocrx_word' id='word_1_281' title='bbox 1002 4191 1203 4273; x_wconf 75' lang='lat' dir='ltr'>praefationi</span> <span class='ocrx_word' id='word_1_282' title='bbox 1224 4192 1273 4257; x_wconf 84' lang='lat' dir='ltr'>irr-</span> 
     </span>
     <span class='ocr_line' id='line_1_42' title="bbox 158 4280 1272 4366; baseline -0.004 -18"><span class='ocrx_word' id='word_1_283' title='bbox 158 4304 261 4348; x_wconf 87' lang='lat' dir='ltr'>serere</span> <span class='ocrx_word' id='word_1_284' title='bbox 290 4284 392 4349; x_wconf 85' lang='lat' dir='ltr'>cisum</span> <span class='ocrx_word' id='word_1_285' title='bbox 421 4290 474 4363; x_wconf 80' lang='lat' dir='ltr'>est,</span> <span class='ocrx_word' id='word_1_286' title='bbox 505 4304 546 4347; x_wconf 92' lang='lat' dir='ltr'>ue</span> <span class='ocrx_word' id='word_1_287' title='bbox 574 4303 696 4366; x_wconf 89' lang='lat' dir='ltr'>semper</span> <span class='ocrx_word' id='word_1_288' title='bbox 719 4283 842 4346; x_wconf 88' lang='lat' dir='ltr'>euedem</span> <span class='ocrx_word' id='word_1_289' title='bbox 865 4287 922 4343; x_wconf 76' lang='lat' dir='ltr'>cui</span> <span class='ocrx_word' id='word_1_290' title='bbox 942 4281 1011 4360; x_wconf 81' lang='lat' dir='ltr'>sere</span> <span class='ocrx_word' id='word_1_291' title='bbox 1034 4282 1156 4345; x_wconf 91' lang='lat' dir='ltr'>eaedem</span> <span class='ocrx_word' id='word_1_292' title='bbox 1179 4280 1272 4344; x_wconf 78' lang='lat' dir='ltr'>itera-</span> 
     </span>
     <span class='ocr_line' id='line_1_43' title="bbox 158 4368 1271 4451; baseline -0.003 -15"><span class='ocrx_word' id='word_1_293' title='bbox 158 4378 270 4436; x_wconf 85' lang='lat' dir='ltr'>reutur</span> <span class='ocrx_word' id='word_1_294' title='bbox 292 4372 446 4437; x_wconf 71' lang='lat' dir='ltr'>lectiones,</span> <span class='ocrx_word' id='word_1_295' title='bbox 484 4373 573 4437; x_wconf 89' lang='lat' dir='ltr'>Dum</span> <span class='ocrx_word' id='word_1_296' title='bbox 595 4371 632 4436; x_wconf 90' lang='lat' dir='ltr'>iu</span> <span class='ocrx_word' id='word_1_297' title='bbox 648 4369 810 4451; x_wconf 77' lang='lat' dir='ltr'>plerisque</span> <span class='ocrx_word' id='word_1_298' title='bbox 833 4368 991 4433; x_wconf 78' lang='lat' dir='ltr'>codicibus</span> <span class='ocrx_word' id='word_1_299' title='bbox 1013 4368 1145 4434; x_wconf 88' lang='lat' dir='ltr'>uomiuu</span> <span class='ocrx_word' id='word_1_300' title='bbox 1164 4369 1271 4449; x_wconf 74' lang='lat' dir='ltr'>Huc,</span> 
     </span>
    </p>
   </div>
   <div class='ocr_carea' id='block_1_10' title="bbox 1029 4489 1062 4546">
    <p class='ocr_par' dir='ltr' id='par_1_12' title="bbox 1029 4489 1062 4546">
     <span class='ocr_line' id='line_1_44' title="bbox 1029 4489 1062 4546; baseline 0 -23"><span class='ocrx_word' id='word_1_301' title='bbox 1029 4489 1062 4546; x_wconf 67' lang='grc'>9*</span> 
     </span>
    </p>
   </div>
   <div class='ocr_carea' id='block_1_11' title="bbox 0 0 1494 4928">
    <p class='ocr_par' dir='ltr' id='par_1_13' title="bbox 0 0 1494 4928">
     <span class='ocr_line' id='line_1_45' title="bbox 0 0 1494 4928; baseline 0 0"><span class='ocrx_word' id='word_1_302' title='bbox 0 0 1494 4928; x_wconf 95' lang='lat' dir='ltr'> </span> 
     </span>
    </p>
   </div>
  </div>
 </body>
</html>
