2978 4928
407 429 533 500 lours,
547 429 667 485 VITAE
686 429 914 485 OOLUMBANI
933 430 1043 486 LIBRI
1060 431 1101 489 II.
1280 436 1314 489 27

302 613 446 680 ‘Beatus
470 613 702 698 Hyeronimus
731 615 901 692 adfirmat,
931 615 1045 699 ipsum
1076 634 1223 693 cursum,
1255 617 1314 699 qui
1333 639 1406 688 mu.

193 703 323 768 dicitur
360 707 541 787 praesente
579 707 733 788 tempore
769 703 979 776 Scottorum,
1017 703 1140 767 beatus
1174 705 1313 769 Marcus

132 800 136 807 '
193 793 403 858 decantavit.
434 826 478 835 -
502 825 545 835 -
576 787 759 869 (Patriciae
788 813 809 855 a
839 791 931 872 Lapa
961 796 990 855 et
1017 790 1179 856 Germano
1210 792 1314 856 arcbr'·

193 879 356 962 episcopas
377 879 414 944 in
438 879 566 944 Scottiis
588 901 627 945 ac
648 879 839 944 Britanniis
859 879 1000 963 positus)
1031 881 1144 963 ipsum
1175 902 1311 945 cursum

161 970 323 1034 sibidcm
358 970 557 1034 decantavit
593 973 628 1033 et
666 973 744 1053 post
782 971 894 1054 ipsum
934 970 1057 1034 beatus
1086 969 1312 1034 Wandilocus

193 1078 297 1124 senex
327 1062 363 1122 et
393 1058 515 1124 beatus
543 1056 769 1142 Gomogillus,
805 1059 864 1142 qui
898 1059 1098 1123 habuerunt
1127 1060 1164 1122 in
1195 1079 1311 1123 eorum

193 1147 403 1213 monasterio
426 1149 615 1211 monachus
639 1148 785 1212 conciter
806 1152 882 1212 trea
911 1147 1017 1211 milia.
1070 1147 1159 1212 Inde
1190 1148 1312 1212 beatus

195 1236 421 1301 Wandilocus
443 1237 480 1299 in
504 1237 750 1319 predicationis
774 1237 1003 1301 ministerium
1028 1258 1048 1300 a
1072 1237 1174 1301 beato
1191 1235 1313 1301 Gomo-

193 1325 279 1410 gillo
295 1325 419 1389 missus
435 1329 488 1390 est
504 1329 539 1389 et
555 1325 678 1390 beatus
695 1325 929 1389 Oolumbanus
945 1326 1103 1408 partibus
1120 1325 1312 1389 Galliarum

148 1436 176 1476 ro
193 1415 353 1479 distinati
377 1418 459 1477 sunt
482 1414 691 1496 Luxogilum
715 1415 962 1478 monasterium
986 1418 1022 1479 et
1044 1415 1174 1480 ibidem
1198 1415 1312 1498 ipsum

194 1524 333 1568 cursum
356 1504 639 1581 decantaverunt,
665 1507 700 1568 et
719 1503 800 1568 inde
816 1507 937 1587 postea
953 1504 1149 1587 percrebuit
1164 1505 1312 1567 formam

193 1593 391 1657 sanctitatis
430 1613 548 1657 eorum
586 1611 648 1676 per
686 1593 883 1656 universum
918 1593 1034 1657 orbem
1070 1596 1241 1656 terrarum
1276 1595 1312 1656 et

193 1681 305 1745 multa
335 1681 483 1746 cenubia
512 1702 552 1746 ex
588 1700 705 1745 eorum
737 1681 895 1745 doctrina
925 1684 996 1744 tam
1027 1682 1179 1745 virorum
1208 1702 1312 1764 quam

194 1770 389 1854 puellarum
422 1773 504 1833 sunt
538 1773 756 1854 congregata.
815 1770 860 1833 Et
894 1774 1015 1855 postea
1048 1771 1129 1834 inde
1165 1771 1312 1854 sumpsit

148 1884 175 1925 a
194 1858 370 1924 exordium
417 1859 480 1922 sub
519 1859 622 1923 beato
661 1857 891 1935 Oolumbano,
938 1859 1030 1941 quod
1069 1862 1150 1922 ante
1189 1858 1311 1922 beatus

193 1947 331 2012 Marcus
355 1947 571 2046 euangelista
594 1948 801 2012 decantavit.

299 2036 387 2100 Erat
407 2035 543 2117 episcopi
565 2036 612 2099 aet
641 2034 821 2116 sacerdotis,
851 2034 874 2098 i.
899 2056 923 2099 e.
950 2034 1136 2116 presbyteri,
1168 2033 1220 2098 cui
1249 2035 1309 2098 bac

193 2123 231 2188 in
252 2143 289 2189 re
304 2144 420 2206 parem
442 2123 660 2189 anctoritatem
681 2122 892 2188 Columbanna
907 2122 1103 2204 attribuerat,
1117 2129 1309 2204 peccatorem

187 2212 390 2294 paenitentia
418 2212 568 2295 imposita
597 2212 743 2277 certesiae
771 2211 987 2277 reconciliare.
1040 2211 1180 2276 Munere
1209 2211 1327 2293 ipitar·

146 2324 176 2364 ro
193 2302 387 2383 fungebatur
420 2301 533 2367 medici
566 2301 762 2383 spiritantia,
795 2301 994 2381 diuersasque
1023 2301 1145 2365 morbos
1174 2299 1310 2365 diuersis

193 2389 369 2456 medicinae
389 2390 558 2473 peceribus
580 2411 707 2471 carane,
732 2410 812 2470 anas
834 2390 963 2471 quisque
986 2389 1183 2455 commiserat
1209 2389 1310 2470 catorum

194 2479 330 2546 diuersis
352 2479 495 2544 diversae
525 2479 694 2544 adhibebat
715 2478 942 2560 paenitentias.
997 2478 1035 2544 Si
1064 2479 1178 2544 delicta
1201 2499 1310 2560 parca

192 2568 241 2633 aet
269 2566 405 2632 minima
434 2574 535 2647 erant,
559 2589 680 2650 parum
710 2568 874 2647 referebat,
906 2570 1054 2649 quamodo
1085 2567 1310 2649 exprimentum·

190 2656 345 2740 proniora
368 2662 472 2721 antem
495 2663 530 2720 at
552 2656 692 2737 perfecte
714 2663 744 2720 et
766 2663 1024 2737 capnoscerentnr
1046 2663 1075 2721 et
1103 2662 1307 2738 sanarentur,

146 2766 175 2808 m
192 2746 240 2810 aet
256 2745 388 2826 publica
411 2744 557 2811 ccclesiae
579 2745 668 2810 satas
684 2746 876 2827 postulabat.
924 2746 1015 2810 Haec
1044 2766 1101 2810 ars
1130 2751 1166 2809 ut
1188 2765 1309 2826 parram

192 2833 467 2914 communicarat,
491 2834 537 2897 ita
562 2834 754 2899 Cotumbano
777 2834 958 2899 necessaria
980 2833 1052 2898 cisa
1074 2840 1119 2898 est
1142 2835 1186 2898 ad
1207 2853 1309 2897 mores

192 2922 355 2988 bominum
380 2924 611 3003 reformandos,
643 2944 772 3004 cumque
801 2929 875 2987 ante
904 2945 974 2987 eam
1002 2929 1120 2987 statuta
1143 2921 1308 3003 paeniten-

192 3011 287 3076 tiatia
320 3011 358 3076 in
391 3011 504 3076 Gallia
537 3012 628 3076 nulla
662 3011 832 3092 extiterint,
862 3011 930 3092 ipse
957 3011 1085 3092 primas
1117 3032 1155 3075 ea
1188 3010 1306 3089 intulit,

191 3100 380 3166 traditiones
394 3099 555 3165 seniorum
569 3120 698 3164 enarum
713 3107 845 3164 secutas.
880 3098 1000 3181 Apitar
1015 3105 1119 3163 autem
1133 3097 1308 3162 inanimam

146 3209 175 3251 aa
185 3195 313 3271 partem
335 3190 373 3254 dc
396 3189 584 3254 criminibus
612 3188 810 3270 capitalibus,
842 3209 922 3270 qaae
951 3188 998 3251 cet
1021 3208 1159 3268 poenam
1190 3186 1308 3267 lepibac

191 3283 336 3343 ranetam
358 3277 513 3343 actitant.
561 3277 794 3342 Paenitentiate
819 3275 1004 3342 Ootnmbani
1026 3275 1063 3340 in
1086 3274 1180 3340 binae
1196 3281 1308 3357 partes

191 3365 329 3431 diuisam
352 3366 536 3431 clericorum
558 3367 842 3446 monachorumque
862 3364 1081 3448 paenitentias
1104 3387 1125 3430 a
1154 3364 1309 3429 laicorum

191 3454 359 3521 distinctas
392 3455 529 3536 eabibet,
568 3475 667 3536 neque
700 3456 805 3519 eodem
838 3455 927 3518 modo
964 3453 1001 3518 in
1035 3460 1165 3535 atroque
1196 3474 1310 3534 penore

192 3564 335 3608 moerens
357 3543 606 3609 vindicabantur
626 3543 799 3626 proniores,
824 3549 935 3625 amata
959 3542 1141 3624 homicidia,
1165 3542 1307 3622 cntncra,

146 3651 173 3694 m
191 3631 348 3714 sodomia,
388 3632 594 3713 adulterium,
641 3632 830 3714 fornicatio,
870 3630 1068 3714 periurium,
1107 3629 1307 3710 maleficiam,

191 3721 323 3802 fartam,
347 3723 403 3786 sed
424 3719 475 3785 itti
497 3721 682 3786 seueriorem
705 3721 939 3803 paenitentiam
962 3721 1111 3786 sorbebant
1139 3740 1234 3800 qnam
1263 3717 1306 3781 bi.

190 3809 358 3874 Adulteris
395 3809 526 3875 ctericus
560 3831 679 3890 qnoque
713 3811 994 3889 adnumerabatur,
1033 3809 1088 3890 qai
1124 3808 1307 3887 atientetam,

190 3897 214 3962 i.
238 3918 263 3962 e.
287 3919 426 3979 rraorem,
450 3918 546 3979 qaam
569 3898 671 3964 laicas
694 3900 857 3980 babuerat,
882 3905 956 3980 past
979 3897 1210 3963 conversionem
1240 3902 1308 3959 coto

190 4004 248 4050 rao
284 3986 379 4050 irrito
416 3987 502 4065 facto
540 3989 740 4069 capnoscebat
777 3987 940 4068 filiumque
978 4007 1016 4050 ea
1054 4007 1091 4050 ea
1127 3984 1276 4067 pica-ebat
1286 3986 1306 4045 1.

143 4102 172 4143 ro
196 4073 299 4141 Gaiae
328 4081 494 4156 atramque
523 4075 666 4140 ordinem
696 4097 792 4157 aearre
822 4076 960 4140 deditum
989 4074 1091 4155 fuisse
1120 4080 1149 4139 et
1177 4072 1309 4137 clericus

190 4265 296 4330 &petat
320 4268 351 4318 in
372 4266 477 4321 Galliis.
515 4267 612 4319 Locum
635 4283 694 4318 cum
720 4269 803 4319 codice
821 4268 1000 4319 Londinicna'
1018 4267 1115 4319 Cottam
1135 4265 1208 4316 Nera
1226 4265 1251 4314 A
1265 4263 1306 4328 II,

191 4336 274 4388 aaa-2·
290 4354 355 4393 racc.
374 4338 452 4392 VIII.
469 4341 550 4404 parti
567 4339 736 4390 attribuendo
753 4341 861 4390 contidit
883 4339 923 4392 W.
943 4339 1071 4402 Larisam
1096 4338 1131 4400 af.
1153 4336 1195 4387 ίΝ.
1215 4332 1308 4392 Aren?

189 4406 299 4474 XXIX,
314 4427 343 4476 p.
356 4411 416 4464 150.
491 4409 516 4476 1)
539 4411 568 4463 V.
588 4426 673 4475 snpra
687 4426 718 4475 p.
732 4413 775 4464 10.
