2978 4928
224 366 260 431 24
437 362 563 432 lom,
576 363 699 420 wrm
718 363 947 420 OOLUMBANI
965 365 1074 421 LIBRI
1089 365 1129 424 11.

223 544 349 615 liubant
381 552 438 611 out
470 548 663 627 curvabant;
696 554 822 629 accepta
857 546 1068 614 benedictione
1097 570 1130 614 se
1161 548 1342 632 sianabaut.

128 633 419 706 ·p.1o.Humiliatio
440 634 536 700 etiam
558 633 595 699 in
618 656 712 701 cumn
730 642 803 717 post
824 638 922 716 finem
946 636 1205 721 *uniuscuiusque
1221 639 1344 719 psalmi

221 722 373 802 facienda
402 729 491 805 erat;
524 723 629 804 finitis
655 723 791 806 psalmis
820 725 965 792 omnibus
991 747 1096 808 cenna
1125 727 1342 806 flectebantur.

225 810 352 876 Tussim
367 811 404 876 in
419 811 549 877 exordio
560 812 684 894 psalmi
699 812 861 878 evitabant
875 816 951 879 bene
966 822 1137 880 cantantes.
1179 814 1343 895 Sacrificii

221 902 297 975 ordo
313 900 490 965 omnimodo
506 901 727 966 custodiendus
741 908 821 967 erat.
860 902 996 969 Calicem
1012 905 1183 969 salutarem
1198 904 1343 969 dentibus
1360 930 1374 972 a

220 990 539 1070 non‘pertnndebant
560 1010 659 1071 neque
673 990 814 1072 euloaias
832 990 990 1056 immundi
1004 992 1222 1076 accipiebant;
1245 993 1343 1058 annio

220 1079 381 1158 cavebant,
416 1099 456 1142 ne
490 1077 643 1144 chrismal
672 1080 805 1161 caderet,
840 1079 958 1145 scilicet
993 1103 1050 1144 vos
1086 1082 1174 1163 illud,
1209 1082 1246 1146 in
1282 1103 1342 1164 quo

220 1165 338 1247 macies
366 1173 565 1232 consecratae
593 1167 742 1232 monachi
764 1168 1037 1250 cirmmserebant,
1068 1192 1143 1235 neve
1173 1170 1342 1235 oblationis

219 1252 396 1333 faciundae
433 1261 508 1320 ante
552 1255 696 1335 officium
734 1256 1001 1323 obliviscerentur.
1059 1259 1196 1323 Fabulis
1233 1258 1342 1324 otiosis

220 1341 352 1408 minime
373 1345 540 1409 vocabant.
579 1344 752 1411 Praeterea
775 1347 1041 1412 conversationem
1063 1347 1147 1412 inter
1167 1369 1201 1413 se
1223 1347 1271 1412 ita
1293 1347 1341 1413 in·
1361 1375 1389 1416 1o

220 1430 400 1513 stituobont,
423 1439 459 1497 nt
479 1431 655 1499 humilitati
676 1437 838 1500 studerent
854 1457 953 1516 neque
968 1435 1212 1502 contradictioni
1233 1438 1341 1502 verba·

220 1539 280 1601 ane
316 1522 453 1602 superba
490 1520 618 1586 munina
652 1522 807 1588 evitarent
843 1545 942 1605 neque
975 1545 1047 1590 voce
1080 1531 1242 1590 uterentur
1275 1524 1342 1590 nisi

219 1629 398 1690 suppressa.
442 1609 583 1676 Oorrecti
605 1610 731 1676 veniam
747 1614 954 1693 postulabant
975 1634 1074 1695 neque
1092 1635 1124 1678 se
1138 1616 1339 1694 excusabant,

219 1696 249 1761 si
277 1697 360 1776 forte
389 1697 662 1764 euominarentnr.
708 1701 884 1767 Fratribus
914 1723 979 1767 nou
1009 1702 1215 1767 detrahebant
1243 1723 1341 1784 neque

220 1785 394 1852 audiebant
415 1788 647 1868 detrahentem·
670 1809 768 1872 opera
791 1811 860 1855 cnm
883 1790 1019 1870 ostiarii,
1043 1790 1099 1872 aui
1122 1791 1219 1855 boras
1241 1797 1386 1858 custo-1⁶

219 1874 332 1956 diebat,
357 1882 423 1942 tum
444 1876 582 1942 aliorum
604 1878 745 1957 fratrum
768 1879 995 1960 rannebendere
1017 1900 1083 1944 uon
1105 1878 1226 1945 licebat.
1262 1880 1340 1945 Sine
1363 1925 1365 1928 -

212 1963 374 2046 permissu
407 1986 506 2048 neque
543 1967 665 2048 fratres
699 1967 735 2032 in
769 1967 890 2032 cellulis
926 1968 1059 2033 visitare
1097 1989 1194 2049 neque
1231 1975 1341 2050 saepto

217 2054 404 2120 monasterii
437 2054 615 2137 relinquere
648 2056 704 2135 sas
738 2062 816 2121 erat.
874 2056 1033 2123 Mouacbi
1068 2056 1105 2121 in
1138 2056 1279 2122 seniores
1312 2064 1342 2122 et

216 2141 360 2208 iuniores
389 2143 622 2224 dividebantur,
654 2163 731 2225 quos
754 2150 850 2225 nater
879 2145 995 2226 senior,
1020 2152 1117 2227 pater
1142 2144 1338 2226 monasterii,

216 2231 337 2298 seilicet
349 2231 571 2312 Columbanus,
584 2232 956 2315 velpetiusproepositus
964 2235 1171 2316 onbernobat.
1191 2234 1340 2300 Seniores
1358 2263 1386 2302 so

216 2319 340 2387 maiore
374 2320 560 2386 auctoritate
592 2322 785 2402 fruebantur
818 2321 1056 2404 iunioribusane
1094 2321 1340 2388 contradicentes

217 2410 270 2474 bis
291 2409 412 2474 verbis:
444 2407 531 2474 ‘Non
559 2409 608 2475 ito
637 2416 690 2490 est,
721 2416 757 2474 ut
785 2409 884 2492 dicis',
914 2410 1066 2493 impuniti
1089 2413 1339 2493 permanebant·

216 2498 283 2580 ipsi
316 2505 402 2563 artes
436 2499 588 2564 docebant
623 2519 779 2580 oneraque
816 2499 1026 2582 imponebant.
1079 2499 1339 2566 Iurisdictionem

217 2593 314 2653 totam
342 2586 555 2653 Oolmnbunus
582 2588 766 2668 praeposito
799 2591 1010 2654 mandaverat
1043 2610 1142 2670 neque
1175 2588 1339 2653 monacbis

218 2697 252 2741 eo
268 2675 495 2757 praetermisso
511 2683 638 2758 patrem
661 2677 822 2758 armellare
844 2676 964 2742 licebat.
1005 2677 1043 2743 Si
1066 2677 1138 2758 quis
1157 2678 1237 2759 lebes
1259 2697 1340 2758 quas
1357 2704 1385 2744 zo

219 2764 423 2831 constituerat
436 2765 485 2830 vel
503 2764 678 2830 levissimas
697 2766 841 2847 laeserat,
866 2767 911 2830 ad
926 2765 1159 2847 paenitentiam
1182 2768 1339 2848 abendam

220 2853 502 2938 ‘percussionibus’5
541 2854 564 2918 i.
601 2876 627 2919 e.
667 2854 863 2933 verberibus,
903 2853 1134 2937 obsidebatur,
1173 2875 1339 2934 eorumque

218 2965 383 3010 numerum
398 2943 523 3009 ratione
538 2943 722 3010 delictorum
736 2943 975 3008 immoderatius
990 2943 1102 3024 auaeri
1117 2942 1218 3024 iussit,
1243 2944 1339 3007 multo

217 3033 355 3100 severior
383 3032 535 3100 Caesario
545 3034 566 3096 1.
619 3031 700 3098 Alia
729 3031 945 3114 paenitentiae
976 3053 1093 3114 venera
1127 3031 1340 3097 Columbanus

210 3145 320 3205 panca
343 3129 465 3188 tantum
488 3120 628 3200 admisit,
663 3121 782 3188 scilicet
814 3127 850 3185 ut
881 3120 1029 3186 monocbi
1059 3119 1272 3202 delinquentes
1301 3120 1338 3184 in
1357 3148 1385 3189 so

217 3212 347 3278 eeclesia
363 3217 485 3277 starent
498 3211 622 3276 nullum
637 3211 807 3275 membrum
823 3216 976 3274 moventes
994 3215 1183 3290 antoanam
1199 3209 1340 3274 biberent

215 3300 282 3365 loco
321 3299 489 3364 cerevisiae
524 3305 581 3364 aut
613 3298 650 3363 in
685 3299 797 3364 cellula
831 3304 1069 3381 separarentur.
1116 3297 1338 3362 Paenitentias

211 3387 358 3454 minutas
387 3409 528 3452 mensam
558 3386 809 3453 occumbentibus
843 3387 1003 3469 imponere
1032 3385 1129 3453 etiam
1156 3385 1339 3468 praeposito

210 3472 338 3544 licebat.
384 3475 560 3542 Fratribus
576 3474 823 3557 paenitentibus,
847 3475 992 3556 quamvis
1015 3496 1110 3557 apua
1133 3474 1288 3555 difficilia
1311 3479 1340 3538 et

209 3565 350 3632 sordida
375 3567 574 3647 perficerent,
605 3571 710 3629 tamen
740 3563 848 3648 capita
878 3565 1019 3629 lavanda
1048 3585 1113 3628 non
1141 3570 1242 3643 eram,
1273 3561 1339 3627 nisi
1357 3590 1384 3630 u

213 3655 269 3724 die
293 3654 481 3720 dominicol.

219 3857 246 3922 1)
269 3853 318 3906 sb.
338 3852 372 3903 R.
390 3850 489 3903 Meroe.
508 3848 563 3911 III,
575 3849 637 3902 448.
728 3849 756 3914 2)
784 3847 889 3913 Reaula
907 3844 1064 3898 coenobialis
1082 3860 1141 3895 cuni
1161 3844 1267 3895 Donato
1286 3842 1338 3906 (ed.

218 3925 383 3988 Holstenius
405 3922 467 3975 Ood.
480 3921 583 3986 Rcoul„
604 3920 682 3982 1759,
699 3918 746 3983 VI,
760 3920 886 3985 377sqq„
905 3932 925 3972 c.
939 3918 1059 3974 23-34)
1078 3915 1218 3967 concordat
1233 3914 1270 3964 ad
1281 3929 1302 3965 c.
1313 3915 1337 3966 9.

218 4001 332 4060 tautum,
359 4009 440 4060 eoquo
463 4007 531 4058 quae
555 3990 753 4057 subsequuntur
769 4007 790 4044 o.
805 3991 922 4044 10—15.
943 3986 1103 4039 Columbaui
1123 4001 1176 4038 esso
1193 4000 1247 4036 non
1261 3998 1340 4050 posse

218 4084 253 4120 cn
270 4080 389 4119 suniam
405 4064 576 4129 intelleaitur,
602 4078 660 4112 cum
685 4067 780 4113 auctor
798 4061 917 4112 abbatem
935 4073 1150 4123 oeconomumque
1175 4067 1209 4120 (c.
1230 4059 1272 4110 ll.
1293 4052 1338 4120 12)
1357 4069 1385 4108 ιο

218 4140 328 4202 nanu,
355 4136 404 4202 qui
421 4136 519 4201 ‘putris
542 4133 667 4185 smimis'
685 4137 799 4199 tempore
824 4134 854 4182 in
879 4131 1040 4182 monasterio
1065 4135 1131 4179 certe
1152 4143 1207 4179 non
1224 4128 1339 4194 reperue-

220 4211 328 4272 bantur,
348 4223 455 4273 cumque
472 4220 585 4274 poenam
603 4205 756 4256 ‘verberum’
775 4203 939 4255 constituerit
952 4201 1006 4252 loco
1026 4199 1253 4266 ‘percussionum’,
1272 4199 1340 4248 siem

219 4285 335 4333 sanctus.
366 4277 453 4330 Extat
464 4279 543 4330 etiam
555 4275 663 4341 reculae
680 4276 795 4326 recensio
812 4273 950 4340 preliator
968 4273 998 4322 iu
1016 4272 1163 4323 collectione
1180 4269 1340 4335 rivulorum

221 4351 355 4403 Benedicti
378 4350 543 4402 Anionensis
569 4348 616 4412 (cs.
643 4347 759 4411 Seebass,
785 4343 939 4409 ‘Reaelbuclt
967 4342 1109 4394 Bouedllcts
1136 4357 1186 4394 von
1213 4338 1340 4402 Aniauc',
