2978 4928
241 344 276 398 28
455 337 580 407 IONAS,
593 336 715 393 VITAE
733 336 962 393 COLUMBANI
981 335 1089 392 LIBRI
1106 335 1146 392 Π.

144 600 146 605 .
198 600 200 605 Ι
241 527 374 587 testatur
396 519 591 601 sacrificinm
610 540 670 601 per
692 518 871 584 ebrietatem
901 525 957 584 aut
986 518 1189 584 voracitatem
1219 541 1361 584 couneus

201 613 204 616 ’
241 611 495 693 neqleqenterque
528 608 689 673 dimittens
723 615 753 674 et
782 607 885 673 laicus
914 629 946 672 se
975 607 1143 674 inebrians
1176 614 1233 674 aut
1262 628 1360 690 usque

235 702 286 765 ad
298 699 447 764 comitum
469 700 669 763 manducans
692 703 749 762 out
766 696 883 762 bibens.
927 695 1081 762 Castricio
1105 718 1174 762 cum
1196 696 1278 762 alibi
1294 703 1359 763 tum

240 789 331 853 iuria
353 789 437 868 fana
460 789 505 853 ad
526 789 692 852 daemones
715 786 859 850 colendos
882 792 939 850 eut
962 785 1138 851 simulacra
1166 785 1360 852 honoranda

240 878 488 956 celebrabantur,
512 875 685 957 inquibus
715 874 793 939 laici
815 880 967 955 quantum
993 880 1143 956 poterant
1170 881 1200 939 et
1227 877 1392 941 mando-s

240 967 356 1032 cabant
384 971 413 1030 et
442 964 599 1045 bibebant,
630 983 815 1044 mensaeque
845 963 1083 1035 danmoniorum
1111 963 1159 1028 ool
1188 962 1361 1029 christiani

239 1054 425 1134 interfuisse
454 1052 602 1118 uidentur
629 1053 724 1134 quiae
752 1051 830 1116 citio
860 1052 1002 1117 commoti
1012 1054 1033 1116 ¹.
1087 1051 1234 1133 Denique
1264 1051 1360 1118 mam

240 1142 392 1209 baeretici
421 1141 612 1207 Columbaria
634 1140 847 1223 impuquundi
869 1147 971 1221 erant,
1001 1140 1152 1224 inprimis
1173 1140 1359 1223 Bonosiaci,

240 1252 423 1312 erroresque
456 1229 610 1295 eiusmodi
643 1251 711 1295 una
745 1252 814 1296 cum
830 1300 833 1308 ,
848 1229 1033 1295 idololatria
1069 1229 1156 1294 inter
1188 1230 1361 1297 Warascos

240 1322 329 1386 baud
344 1320 459 1403 procul
482 1341 503 1383 a
526 1318 670 1385 Lucooio
693 1319 770 1384 sitos
792 1319 942 1398 floruisse
957 1321 1109 1383 constat2.
1151 1318 1357 1385 Paenitentia
1378 1343 1405 1382 lo

240 1410 467 1492 ininnqebatur
489 1428 552 1490 per
581 1408 648 1473 dies
680 1415 696 1471 7
727 1410 775 1473 uel
805 1414 846 1472 40
878 1414 934 1473 ant
956 1428 1018 1488 per
1047 1428 1152 1473 annos
1179 1428 1279 1473 unum
1310 1408 1358 1472 uel

234 1500 355 1581 plures,
379 1504 409 1562 et
430 1503 500 1562 erat
522 1518 591 1563 cum
607 1518 697 1581 poue
719 1503 748 1561 et
770 1517 856 1578 aqna
878 1503 908 1561 et
929 1497 995 1562 sale
1018 1503 1075 1562 aut
1096 1498 1211 1578 absque
1233 1495 1308 1561 cina
1331 1502 1361 1561 et

242 1608 347 1654 carne.
394 1586 450 1651 Ad
471 1607 540 1651 eum
563 1587 804 1669 aqqrooandam
827 1585 956 1650 erilium
978 1586 1026 1650 cel
1041 1585 1261 1668 pereqrinatio
1281 1585 1361 1650 addi

237 1683 396 1758 poterant.
457 1674 636 1740 Homicidii
670 1696 758 1739 reum
786 1681 956 1756 praeterea
987 1674 1175 1756 parentibus
1202 1673 1360 1756 perempti

241 1763 491 1844 satisfactionem
513 1765 642 1829 reddere
658 1784 734 1845 opus
749 1771 826 1845 erat,
842 1764 1025 1844 furtumque
1039 1764 1221 1845 frequenter·
1234 1763 1360 1843 faciens
1379 1786 1405 1828 ιε

241 1853 343 1918 laicus
358 1875 423 1918 non
438 1860 511 1918 ante
526 1852 800 1934 reconciliabatur,
816 1874 911 1934 qnam
923 1852 1119 1938 pauperibus
1134 1853 1361 1934 eleemosynam

240 1944 408 2025 epulasque
431 1942 587 2008 sacerdoti
604 1941 837 2023 paenitentiam
860 1941 1014 2007 indicenti
1037 1941 1180 2006 dedisset.
1228 1941 1266 2006 Si
1289 1941 1360 2023 quis

241 2032 342 2097 laimcs
369 2031 553 2114 cupiditatis
583 2053 680 2097 causo
703 2030 887 2112 peierasset,
916 2030 1143 2113 pravissimam
1171 2029 1360 2095 senteutiam

241 2121 373 2201 subibat,
397 2126 433 2185 ut
454 2141 505 2186 res
528 2120 630 2201 ipsius
653 2119 863 2184 venderentur
879 2119 1134 2201 pauperibusque
1153 2122 1358 2201 donarentur,

240 2209 308 2291 ipsc
346 2216 450 2274 autem
487 2209 611 2274 saeculo
646 2207 776 2272 dimisso
811 2214 919 2273 tonsus
952 2230 1049 2290 usque
1083 2211 1128 2274 ad
1160 2214 1289 2273 mortem
1321 2207 1359 2273 in
1378 2233 1405 2272 eo

241 2297 433 2362 monasterio
471 2296 611 2361 serviret.
674 2296 787 2361 Laicis
824 2303 959 2378 tempore
990 2297 1209 2379 poenitentiae
1245 2317 1360 2375 unores

242 2406 423 2468 eoqnoscere
448 2406 513 2450 non
542 2385 663 2450 licebat.
709 2385 950 2451 Paenitentibus
978 2387 1014 2451 in
1044 2385 1174 2453 ecclesia
1204 2392 1360 2450 extremus

242 2473 490 2539 christianorum
523 2477 599 2539 ordo
633 2476 854 2539 reservabatur
888 2482 945 2540 out
976 2476 1059 2540 relect
1096 2473 1360 2540 communicantes

242 2584 312 2628 eum
334 2561 525 2628 Bonosineis
547 2562 631 2627 iuter
654 2563 887 2629 eotccbnmenos
902 2571 988 2629 stare
1003 2566 1201 2647 eoqebantur,
1218 2562 1360 2645 separati

242 2654 281 2717 ob
301 2651 387 2716 aliis.
426 2651 581 2716 Absoluta
596 2651 807 2734 paenitentia,
831 2652 951 2718 iudicio
973 2652 1144 2718 sacerdotis
1166 2651 1204 2717 in
1228 2672 1359 2718 commu·
1378 2675 1405 2717 ss

241 2741 368 2806 nionem
391 2740 625 2822 recoquebantur
647 2741 694 2806 ool
717 2742 816 2807 altori
838 2742 1082 2823 iuuqebantur3.

149 2870 223 2921 ·p.1·8.
350 2847 499 2912 *Librum
518 2849 651 2927 ¹bumero
674 2848 782 2927 ferens
810 2848 1023 2914 Colurnbunus
1048 2870 1108 2930 per
1131 2868 1230 2930 opaca
1259 2848 1360 2912 soltus

242 2938 444 3004 ambulabat4
467 2937 629 3020 leqensque
652 2937 770 3010 librum
791 2937 1007 3019 reperiebatur
1030 2944 1059 3002 et
1088 2937 1125 3002 in
1156 2936 1239 3001 atrio
1270 2937 1359 3002 eccle-

241 3028 330 3092 sicce5
353 3033 382 3092 et
409 3026 448 3091 in
477 3047 587 3107 eremo,
615 3047 747 3108 quereus
773 3027 952 3108 putrefacto
982 3028 1115 3091 trunco6
1137 3027 1257 3090 sedens.
1304 3025 1359 3089 ln-

235 3116 355 3198 primis
377 3116 617 3181 commentarios
639 3115 676 3179 in
706 3115 898 3197 scripturam
926 3136 1054 3180 sacram
1083 3114 1146 3180 sibi
1176 3135 1406 3196 compararem

243 3324 269 3392 1)
289 3325 329 3376 De
346 3327 480 3390 sacrificio
498 3325 642 3377 Simorum
660 3324 829 3377 daemoniaco
846 3343 868 3380 a.
887 3341 973 3392 supra
988 3343 1017 3393 p.
1032 3328 1073 3380 17.
1147 3327 1174 3390 2)
1194 3325 1223 3378 V.
1243 3325 1359 3379 Columb.

241 3396 282 3461 II,
296 3397 321 3450 8.
376 3398 404 3464 3)
423 3396 625 3447 Paenitentiulis
637 3396 707 3461 qnod
719 3396 875 3448 Columbani
886 3398 991 3448 nomine
1006 3397 1198 3459 circumfertur
1209 3399 1360 3447 inanimam

238 3472 346 3534 partem
364 3483 394 3518 re
411 3482 476 3518 ocra
493 3467 581 3533 ipsius
598 3468 716 3518 auctoris
740 3484 792 3520 esse
816 3471 887 3519 iuter
904 3471 1024 3519 saniores
1049 3469 1232 3520 criticos-inm
1249 3472 1360 3532 constat,

242 3553 378 3605 omnesque
404 3539 570 3589 contrariom
597 3537 737 3589 Scbmitzii
763 3541 912 3605 opinionem
939 3540 983 3604 (cf.
1003 3555 1023 3593 e,
1040 3556 1083 3605 qr.
1104 3538 1194 3591 ‘Arclu
1217 3541 1239 3602 f.
1257 3539 1359 3592 bathal.

242 3608 445 3661 Kircbenrecbt’
463 3607 570 3673 XLIX,
589 3624 619 3674 p.
633 3611 727 3676 3sqq.;
752 3609 857 3675 LXXI,
874 3628 904 3677 p.
917 3612 970 3664 436
980 3612 1048 3678 sqq.)
1067 3609 1284 3677 improbauerunt
1308 3608 1360 3674 (cf.
1379 3624 1406 3664 sc

243 3681 371 3745 Molnory
383 3681 400 3734 l.
414 3681 431 3734 l.
446 3696 476 3746 p.
491 3681 525 3734 70
534 3683 612 3746 sqq),
632 3696 713 3745 quam
727 3683 806 3732 etiam
824 3683 854 3732 in
872 3683 1016 3733 nouissimo
1028 3681 1097 3747 qnod
1108 3681 1190 3731 edidit
1208 3696 1283 3746 opere
1302 3681 1361 3732 ‘Die

243 3751 414 3803 ansbiicher
443 3751 500 3801 und
529 3752 580 3802 das
611 3751 771 3803 banoniscbe
798 3753 1035 3817 ansoerfabien',
1065 3752 1255 3818 Dnsseldorpii
1282 3753 1360 3816 1898,

241 3841 268 3890 p.
284 3825 334 3878 146
343 3838 407 3889 sqq,
429 3824 605 3888 pertinaciter
623 3823 746 3887 defendit.
783 3823 873 3890 Neque
890 3839 951 3876 uero
968 3829 1037 3875 totus
1055 3824 1129 3888 liber,
1149 3839 1225 3890 quem
1243 3823 1359 3887 Seebass,

245 3894 381 3948 ‘Zeitsclrm
400 3896 450 3958 fdr
467 3893 684 3959 Kircbenqescb!
696 3893 778 3958 XIV,
795 3911 825 3959 p.
837 3897 993 3959 441—448,
1012 3896 1124 3946 ultimus
1141 3895 1232 3959 edidit,
1253 3895 1360 3946 Colum·

243 3965 311 4016 bano
330 3965 512 4016 attribuendus
536 3972 581 4029 est,
608 3965 652 4016 sed
676 3965 822 4030 complures
843 3972 938 4032 paries
955 3965 1158 4031 distinquendae
1176 3970 1240 4016 sunt
1257 3983 1275 4016 a
1293 3981 1362 4017 com·
1379 3980 1407 4019 ιο

239 4035 355 4101 piletore
372 4037 567 4101 posteriorem
586 4052 670 4087 unum
689 4037 820 4090 redunco.
857 4036 983 4088 Albitius
1001 4037 1106 4100 Hauclc,
1133 4038 1183 4103 qui
1199 4037 1228 4087 in
1246 4037 1361 4088 lutmia

246 4106 407 4158 Gernranioe
423 4108 594 4158 ecclesiastica
606 4108 630 4172 I,
645 4125 674 4174 p.
688 4107 765 4170 275³,
785 4109 961 4174 quaestionem
976 4110 1061 4173 perite
1075 4110 1239 4174 retractauit,
1254 4113 1361 4174 partem

244 4179 359 4229 mediam
377 4194 395 4228 a
413 4178 547 4230 Seebassio
566 4179 656 4230 littera
669 4179 694 4230 B
705 4180 842 4244 sr'qnatam
861 4178 897 4229 ml
914 4195 935 4232 c.
949 4180 991 4233 25.
1011 4181 1117 4231 omnino
1134 4195 1291 4244 qernmuam
1310 4194 1363 4230 esse

244 4248 405 4387 r3ctebm1ibi
428 4252 551 4303 statuisse
574 4251 685 4302 oidetm.
770 4250 798 4317 4)
823 4249 854 4304 V.
875 4248 989 4304 Columb.
1008 4250 1032 4314 I,
1051 4253 1077 4306 8.
1156 4253 1183 4316 5)
1211 4249 1254 4304 Ib.
1274 4250 1297 4315 I,
1317 4250 1361 4304 20.

246 4321 261 4373 6
292 4321 336 4374 Ι.
371 4322 434 4385 ,28.
1381 4334 1409 4375 ic
