2978 4928
397 469 521 539 IONAS,
533 470 630 526 VITA
647 469 837 525 IOHANNIS
856 469 1030 528 ABBATIS.
1220 475 1272 528 329

158 657 257 717 ouma
285 674 388 736 super
417 653 559 717 fluvium
584 652 801 717 Bridenam1.
846 654 1053 717 Parentibus
1082 675 1152 717 non
1179 654 1272 738 igno·

158 735 305 806 bilibusb
323 745 531 826 procreatus,
549 745 647 825 patre
663 742 834 818 Hilari00,
852 745 961 806 matre
979 740 1106 821 Quieta
1121 744 1270 820 nomine,

157 851 301 913 quorum
332 832 464 894 animos
495 831 609 895 cultus
639 830 815 915 religionis
847 832 1049 894 cathenatos
1079 835 1183 914 atque
1207 833 1270 896 sub

157 920 251 983 omui
289 920 474 984 devocione
520 920 700 984 christiani
744 920 877 983 timoris
915 915 1079 984 inneiros‘1
1111 921 1270 997 tenebat;

120 1010 303 1091 equique⁰
327 1011 431 1072 etiam
461 1010 552 1073 inter
581 1010 656 1092 ipsa
686 1002 892 1092 primordief
913 1009 1112 1073 rudimenta
1138 1010 1272 1072 tamin

157 1097 310 1181 puericia
344 1118 446 1180 quam
485 1098 521 1160 in
559 1098 792 1162 adolescentia
829 1098 893 1161 sub
931 1098 1112 1162 christiani
1145 1099 1271 1181 vigoris

157 1185 394 1338 ppllfitriirmqtque
429 1185 606 1269 religionis
641 1208 661 1249 a
695 1187 897 1269 parentibus
936 1186 1042 1250 alitus
1080 1191 1132 1251 est
1167 1189 1271 1269 atque

264 1387 294 1443 2.
319 1380 473 1465 Cumque
494 1381 631 1445 circiter
647 1381 716 1444 XX
734 1384 824 1446 esset
844 1402 1021 1458 annorum,
1047 1382 1139 1466 cepit
1158 1383 1272 1446 animo

113 1494 139 1533 io
157 1470 285 1534 alciora
317 1474 421 1552 atque
452 1471 554 1534 solito
587 1471 715 1533 artiora
745 1491 895 1553 querere,
927 1474 976 1546 ut,
1008 1470 1130 1534 relicto
1161 1470 1272 1534 natali

157 1559 246 1635 solo,
287 1580 354 1642 quo
393 1559 609 1643 potissimum
644 1559 750 1621 animi
785 1559 982 1624 ostenderet
1016 1559 1196 1636 affectum,
1238 1563 1273 1624 et

156 1649 264 1710 vitam
294 1650 412 1729 ageret
443 1648 648 1730 gloriosam²
676 1651 711 1711 et
746 1648 843 1710 cultu
875 1648 1053 1732 religionis
1083 1649 1146 1712 sub
1178 1649 1273 1712 omni

155 1737 350 1800 intentione
380 1741 530 1800 mentem
559 1736 721 1800 erudiret.
768 1736 875 1800 Dedit
905 1741 1022 1800 tamen
1052 1757 1200 1821 operam,
1232 1740 1272 1800 ut

157 1846 197 1890 eo
220 1826 256 1887 in
279 1825 366 1902 loeo,
390 1818 471 1888 nbib
495 1828 591 1888 ortus
615 1824 740 1901 fuerat,
765 1845 969 1908 perparvum
989 1827 1178 1889 oratorium
1195 1825 1272 1888 fun·

112 1915 265 1991 roderet,
289 1917 339 1991 ut,
359 1915 439 1978 dum
461 1913 562 1976 anxia
581 1913 693 1977 cordis
712 1915 802 1990 vota,
823 1912 961 1978 Christo
986 1917 1170 1991 annuente,
1191 1935 1273 1998 pen·

157 2004 263 2067 sando
287 2005 450 2085 patraret,
475 2002 640 2065 orationis
663 2001 831 2066 solamina
855 2006 958 2085 atque
980 2003 1167 2086 religionis,
1193 2024 1272 2087 quo-

156 2092 258 2155 modo
282 2095 406 2176 posset,
431 2090 605 2155 occultum
623 2091 791 2174 impleret.
831 2090 908 2168 Sed,
934 2092 1016 2154 dum
1037 2111 1131 2155 mens
1147 2093 1273 2156 devota

158 2181 231 2244 Deo
248 2201 311 2244 nec
328 2185 367 2243 a⁰
385 2180 586 2262 parentibus
602 2199 665 2242 nec
682 2201 703 2242 a
718 2179 852 2242 familia
864 2183 1023 2262 quereret
1038 2176 1269 2243 famulatum(1

156 2269 211 2333 vel
234 2269 345 2353 plebis
368 2290 437 2331 non
467 2268 575 2332 ferret
605 2288 807 2352 pressuram,
840 2268 955 2351 elegit,
986 2273 1026 2332 ut
1057 2270 1171 2345 eremi,
1204 2289 1272 2352 quo

112 2381 139 2420 ao
157 2379 192 2422 se
216 2358 311 2421 locus
336 2358 450 2431 dabat,
476 2360 609 2421 secreta
632 2360 818 2440 expeteret.
865 2358 1003 2440 Agebat
1026 2358 1118 2421 enim
1142 2360 1207 2421 hoo
1232 2379 1272 2422 eo

156 2451 320 2531 tempore,
353 2467 419 2528 quo
444 2445 575 2509 Gallias
599 2446 662 2509 sub
693 2445 830 2529 imperii
856 2446 930 2510 iure
953 2447 1128 2510 Iohannes
1152 2447 1273 2510 consul

157 2536 308 2619 regebat.
363 2535 506 2617 ltaque⁰
535 2556 613 2598 cum
644 2536 791 2618 quadam
827 2535 883 2600 die
914 2536 957 2599 ad
988 2535 1166 2599 basilicam
1196 2536 1273 2598 mis·

158 2645 271 2688 sarum
302 2624 493 2708 solempnia
523 2624 704 2687 auditurus
735 2627 904 2707 pergeret,
927 2659 971 2667 -
995 2627 1069 2688 erat
1100 2626 1190 2689 euim
1219 2626 1273 2690 be·

158 2714 207 2777 ati
226 2714 392 2777 Iohannis
411 2713 562 2797 baptiste
581 2706 798 2778 venerandaf
818 2713 1065 2798 sollempnitas,
1085 2748 1128 2756 —
1153 2714 1273 2778 audita

113 2822 139 2863 as
158 2803 381 2886 euvangeiica
396 2802 545 2866 lectione
562 2805 597 2865 et
615 2802 763 2866 deducta
779 2803 875 2879 serie,
900 2803 1003 2866 finem
1023 2803 1095 2866 eius
1112 2803 1274 2867 desiderii

157 2892 238 2974 igne
262 2896 457 2975 penetrans,
489 2911 556 2974 quo
580 2891 645 2953 ait:
676 2890 765 2953 Puer
787 2896 890 2954 cutem
920 2891 1075 2955 crescebat
1100 2896 1129 2954 et
1151 2890 1273 2969 confer·
1292 2920 1346 2959 auc.
1355 2920 1374 2970 1,
1383 2919 1415 2963 a.

159 2980 287 3043 iubetur
308 2978 345 3042 ia
367 2977 485 3058 spiritu
507 2984 536 3042 ei
558 2977 686 3042 eratin
716 2979 835 3042 desem
866 2999 964 3058 usque
993 2979 1037 3042 ud
1065 2978 1148 3043 diem
1177 2984 1273 3042 osteu-

159 3066 260 3130 sc'onis
283 3088 338 3130 sue
359 3067 404 3129 ud
425 3066 539 3147 Israel,
569 3087 609 3131 ac
633 3067 794 3151 deinceps
818 3088 896 3130 oum
920 3067 989 3131 alia
1012 3068 1086 3131 vioe
1110 3067 1272 3144 audisset,

159 3157 250 3239 quod
286 3156 407 3218 beatus
436 3155 609 3219 iohannes
640 3156 878 3239 euvangeliste
911 3156 1106 3238 reliquisset
1140 3159 1274 3240 patrem
1292 3177 1453 3229 auocato.

115 3269 142 3309 eo
160 3245 350 3309 Zebedeum
373 3265 449 3307 eum
468 3245 549 3307 navi
568 3247 603 3308 et
619 3244 747 3326 absque
763 3244 837 3307 ulla
853 3245 1081 3327 ambiguitate
1097 3244 1274 3309 Christum

160 3337 298 3398 secutus
327 3333 461 3408 fuisset,
491 3333 686 3417 intrepidus
716 3333 908 3416 mentisque
939 3335 1059 3398 ardore
1090 3337 1125 3397 et
1155 3334 1274 3398 celesti

161 3423 329 3486 desiderio
353 3442 525 3498 accensus,
549 3422 746 3505 relinquens
769 3426 902 3506 patrem
925 3426 960 3487 et
983 3426 1129 3487 matrem
1152 3423 1275 3486 solum-

160 3533 226 3594 que
249 3510 375 3587 natale,
407 3511 544 3588 saltum,
576 3511 635 3594 qui
663 3511 755 3574 inter
779 3511 864 3575 duos
887 3512 1018 3589 fluvios,
1049 3512 1085 3574 id
1109 3515 1162 3576 est
1184 3512 1276 3576 inter

161 3600 469 3664 Hormentionem²
492 3603 527 3664 et
551 3599 712 3663 Sidenam
744 3600 830 3663 situs
854 3604 915 3678 est,
947 3600 1006 3683 qui
1029 3621 1049 3663 a
1073 3600 1277 3664 Sinemuro³

116 3796 143 3835 35
321 3791 374 3838 Gap.
385 3791 404 3832 1.
431 3791 517 3828 ΔΜ.
573 3791 654 3839 Capi.
683 3791 731 3833 Δ2.

268 3877 329 3927 Gap.
345 3878 365 3917 1.
393 3877 415 3928 a)
430 3878 612 3925 Quarumiaoum
626 3881 673 3920 Aa.
729 3879 752 3924 b)
770 3879 862 3926 ignobili
877 3879 924 3919 Aa
979 3879 999 3930 c)
1014 3880 1091 3920 Ylario
1106 3882 1153 3921 Aa
1208 3879 1232 3932 d)
1246 3881 1278 3919 itu

162 3931 401 3979 nominemur.
457 3931 650 3982 equaquam.
706 3932 1024 3983 t)ttoA2(cr.p.230,12).

268 3984 328 4032 θαι).
343 3985 362 4023 2.
391 3985 412 4035 a)
428 3985 521 4030 gloriam
534 3985 582 4026 Aa
635 3986 658 4034 b)
672 3987 687 4027 i.
702 3990 788 4025 mortus
802 3984 849 4024 Aa.
904 3986 924 4037 e)
939 3987 1099 4035 apparentibus
1113 3988 1160 4027 Aa
1206 3984 1230 4037 d)
1244 3988 1277 4025 ia·

161 4039 271 4078 mutatum
284 4038 424 4088 famulatum,
439 4041 544 4086 maneto
559 4039 627 4078 altero
641 4041 701 4090 fam,
716 4040 764 4078 Aa
826 4038 847 4090 e)
866 4039 933 4087 Itque
946 4040 993 4082 Aa.
1048 4039 1066 4091 t)
1087 4037 1215 4079 venerande
1229 4041 1276 4088 Ar,

117 4098 144 4137 40
161 4103 218 4131 corr.

164 4233 190 4298 1)
206 4234 270 4285 Sine
287 4233 366 4284 dubio
385 4233 499 4296 Brenno,
518 4233 636 4296 affluens
654 4235 810 4297 Armaneon
827 4235 855 4298 fl,
918 4236 946 4302 2)
967 4235 1122 4296 Armancon
1139 4240 1163 4285 ct
1180 4233 1279 4284 Seruio

162 4306 201 4369 ll,
225 4319 336 4371 quorum
361 4303 409 4355 boc
433 4305 487 4356 loeo
508 4306 604 4370 prima
628 4306 724 4356 vicentio
748 4304 788 4371 fit,
816 4303 949 4358 Ormentio
980 4320 1045 4358 saec.
1064 4303 1101 4358 X.
1126 4311 1151 4356 et
1175 4304 1278 4356 Sedena

163 4392 189 4430 a.
201 4377 264 4430 867.
282 4376 366 4427 vocati
382 4380 460 4436 suna·
478 4376 512 4439 cf.
527 4375 654 4441 Quantin,
674 4375 818 4428 ‘Dietiona
830 4376 866 4427 du
882 4376 940 4443 dep.
952 4376 984 4427 de
995 4375 1120 4427 l'Yonne’
1134 4393 1164 4443 p.
1177 4378 1202 4429 4.
1218 4377 1278 4429 123.

163 4447 191 4513 3)
212 4444 299 4498 Hodie
316 4446 604 4498 Semur·m·Auoeoie
623 4446 693 4513 (dep.
714 4446 888 4505 coa-dur).
