2978 4928
402 404 528 476 IONAS,
540 404 661 461 VITAE
680 404 909 461 COLUMBANI
926 405 1035 461 LIBRI
1052 406 1091 463 II.
1271 411 1306 464 37

189 592 274 655 inter
315 588 511 655 Gumonioe
546 589 680 669 populos
717 594 935 668 numerantur,
974 588 1151 654 incolebant
1182 589 1306 670 partim

189 677 351 758 baeretici,
382 677 500 742 scilicet
528 676 662 741 Plotini
685 676 873 743 Sirmiensis
902 683 959 742 aut
983 676 1107 741 Bouosi
1130 678 1307 744 Norsitani

190 766 354 832 erroribus
382 765 490 846 dediti,
521 765 582 830 olii
605 765 741 847 poponi.
793 765 912 845 Quibus
941 767 986 830 od
1012 767 1107 844 fidem
1137 766 1305 847 conuersis,

191 878 261 922 cum
286 854 397 920 Suebis
418 853 570 935 maqister
592 853 787 933 eoauqelium
811 853 1029 935 praedicasset
1050 854 1212 936 sociusque
1239 855 1307 919 eius

158 972 171 1010 s
196 945 312 1010 Gallus
334 943 371 1007 in
393 964 427 1007 eo
446 941 567 1023 nepotio
585 942 776 1023 persisteret,
800 942 869 1025 ipse
891 943 978 1008 ultro
997 964 1047 1008 eos
1070 943 1308 1008 ad‘Baioorios

191 1031 321 1098 tetendit
353 1032 509 1112 multoque
539 1031 644 1096 labore
666 1031 827 1112 plurimos
856 1051 963 1096 eorum
998 1031 1189 1097 christianos
1221 1031 1306 1111 feeit.

198 1122 263 1188 Ubi
286 1120 487 1201 aliquamdiu
509 1125 660 1199 uersatus,
685 1119 804 1185 relictis
830 1120 912 1184 uiris
940 1120 1115 1202 capacibus,
1145 1120 1201 1202 qui
1232 1141 1308 1201 opus

191 1211 349 1290 inceptura
378 1208 608 1288 continuarent,
639 1208 818 1272 Luuooium
848 1208 953 1273 rediit.
1006 1207 1062 1274 Ibi
1090 1209 1227 1290 euemplo
1255 1208 1308 1274 Oo-

192 1297 338 1363 tumboui
353 1304 418 1362 tam
433 1297 601 1362 monachos
617 1317 711 1377 quam
726 1296 848 1362 uicinos
864 1298 908 1369 od
922 1297 1118 1378 peculiarem
1135 1299 1309 1363 Scottorum

147 1385 377 1470 1opaenitendi
399 1388 525 1450 modum
547 1385 685 1450 eucitore
708 1387 851 1451 studebat
871 1387 1041 1466 multosque
1063 1386 1221 1466 secundia
1250 1408 1310 1451 sua

193 1475 365 1554 erudiebat,
397 1474 452 1556 qui
475 1481 588 1555 postea
617 1475 704 1538 sedes
733 1474 921 1555 episcopales
943 1475 1050 1539 meriti
1079 1482 1162 1556 sulit,
1193 1475 1310 1540 scilicet
1401 1532 1403 1535 ,

198 1563 424 1646 Olaqnooldus
444 1561 631 1627 Oolumboni
653 1564 812 1643 quondam
834 1563 981 1627 minister
1003 1564 1156 1646 Lupduni
1175 1563 1309 1644 Cluenti,

192 1652 360 1719 Acbarius
382 1651 649 1716 Viromandorum
672 1657 701 1716 et
724 1651 874 1715 Nouiomi
897 1659 926 1716 et
947 1652 1095 1733 Tornoci,
1120 1653 1311 1734 Itaquocba·

194 1743 266 1806 rius
280 1741 443 1823 Aupustae
458 1740 682 1805 Rauracorum
704 1746 734 1804 et
747 1740 907 1821 Basileoe,
923 1739 1127 1806 Audemarus
1141 1741 1312 1806 Bononiae

150 1857 176 1896 ιο
195 1838 225 1895 et
251 1831 421 1894 Toruouoe
444 1828 630 1910 oppidorum
653 1827 798 1909 episcopi.
850 1828 928 1894 Cum
951 1829 1052 1909 iqitur
1073 1829 1221 1895 instituto
1247 1852 1312 1895 mo·
1353 1906 1357 1915 .

194 1918 289 2002 qistri
311 1939 406 1999 quam
429 1916 580 1982 mouimis
602 1917 725 1981 uiribus
741 1924 937 1999 propaparet
959 1924 988 1982 et
1010 1939 1075 1981 uon
1097 1919 1196 1983 solum
1226 1920 1313 1999 apuol

196 2009 398 2072 Francorum
422 2027 584 2087 proceres,
616 2008 671 2070 sed
699 2005 794 2070 etiam
824 2008 910 2087 opud
938 2026 1041 2087 reqem
1070 2006 1186 2071 bonore
1220 2014 1312 2087 atque

196 2095 397 2161 ueneratione
433 2095 604 2175 frueretur,
644 2093 813 2158 diuersitas
849 2094 932 2158 ritus
969 2094 1127 2176 episcopos
1166 2095 1312 2160 ecclesiae

202 2183 392 2250 Gallicanae
430 2186 474 2248 ad
510 2205 624 2247 nouum
660 2183 924 2264 vehementemque
961 2183 1110 2264 impetum
1146 2182 1310 2265 incitabat,

152 2301 179 2340 20
198 2273 310 2354 quibus
347 2293 385 2336 en
429 2272 532 2352 ipsius
568 2272 733 2337 monacbis
770 2272 873 2336 socius
911 2272 1124 2354 optatissimus
1162 2272 1312 2337 surrexit.

198 2360 366 2442 Aqrestius
381 2367 550 2442 postquam
573 2363 659 2441 apud
677 2360 904 2426 Ibeudericum
926 2381 1029 2444 reqem
1049 2361 1170 2426 notarii
1185 2383 1313 2427 munere

198 2451 327 2530 functus
343 2501 344 2504 η
360 2457 419 2530 est,
455 2449 688 2531 compunctione
721 2452 860 2531 quadam
898 2457 999 2515 tactus
1032 2450 1210 2514 Lucceium
1242 2472 1313 2532 per·

198 2545 326 2604 uenerat
355 2545 446 2620 atque
476 2560 508 2603 se
537 2559 656 2619 suaque
685 2538 793 2603 omnio
822 2539 975 2604 Eustasio
1000 2539 1091 2620 patri
1124 2539 1313 2604 tradiderat.

204 2627 265 2709 Qui
287 2649 357 2692 cum
378 2626 519 2708 qentium
534 2627 741 2709 praedicator
763 2648 827 2691 esse
853 2629 942 2693 uellet
970 2649 1068 2709 neque
1096 2627 1133 2692 in
1162 2628 1314 2708 reliqioue

154 2741 180 2782 ss
199 2716 279 2782 satis
305 2715 501 2798 profecisset,
536 2715 682 2780 idoneum
713 2717 756 2780 od
787 2717 848 2781 tole
882 2738 959 2797 opus
993 2739 1062 2781 eum
1090 2716 1221 2782 minime
1250 2739 1314 2781 esse

199 2807 297 2870 obbas
314 2804 502 2869 mistimans
517 2825 700 2869 consensum
715 2806 794 2869 dare
811 2805 932 2885 noluit,·
945 2806 1141 2887 pertinacem
1155 2827 1227 2870 uero
1243 2806 1314 2871 reti-

199 2915 273 2958 nere
291 2893 449 2974 nequibat.
482 2891 595 2956 Primo
613 2892 666 2957 ille
685 2894 729 2957 ad
742 2892 919 2958 Baioarios
933 2915 1129 2976 propressus,
1146 2894 1315 2974 paululum

199 2985 286 3063 aquid
313 3002 363 3046 eos
395 2988 538 3046 moratus
571 2988 624 3062 est,
660 2982 772 3046 deinde
800 2982 984 3063 Aquileiam
1019 2982 1150 3046 transiit
1215 2982 1314 3063 Aqui·

199 3069 329 3135 leieuses
352 3093 373 3135 o
404 3069 620 3135 communione
649 3070 732 3135 sedis
762 3070 949 3152 apostolicae
979 3069 1076 3134 trium
1106 3069 1314 3150 capitulorum

154 3185 181 3224 eo
199 3159 393 3241 quaestionis
416 3180 514 3224 causa
537 3180 569 3223 se
598 3180 762 3240 separasse
791 3179 890 3238 supra
921 3157 1166 3237 commemoraui,
1197 3178 1314 3221 eorum-

199 3270 257 3329 que
276 3247 426 3330 partibus
448 3247 616 3328 Aqrestius
639 3247 793 3327 odlcoesit,
818 3246 984 3327 epistulam
1006 3267 1123 3310 ueneno
1153 3244 1314 3318 conuiciis·

199 3356 257 3417 que
280 3337 411 3416 plenam
446 3339 490 3401 od
517 3337 672 3401 Albulam
700 3335 897 3400 conscribens
925 3337 1064 3415 eandem,
1097 3334 1187 3399 cuius
1215 3355 1315 3416 supro

199 3424 338 3489 memini.
392 3424 571 3489 Luuooium
600 3445 759 3504 reuersus,
795 3446 864 3488 cum
897 3423 1059 3489 doctrinas
1088 3445 1164 3488 suos
1188 3426 1315 3504 profite-

199 3520 295 3594 retur,
319 3514 359 3578 ab
382 3513 536 3577 Eustasio
554 3513 661 3594 primo
684 3512 874 3593 admonitus,
905 3513 1018 3579 deinde
1041 3534 1110 3578 cum
1132 3512 1316 3594 resipiscere

156 3625 181 3665 ss
199 3602 301 3682 nollet,
337 3624 359 3666 a
392 3601 519 3682 colleqio
553 3608 732 3684 sepreqatus
765 3608 818 3666 est.
866 3602 941 3666 Iam
968 3622 1030 3682 per
1052 3602 1226 3666 Abolenum
1255 3601 1315 3682 epi·

199 3711 323 3771 scopmm
343 3691 558 3755 Genooensem
579 3692 624 3755 ad
645 3690 858 3771 episcoporum
875 3690 1051 3756 societatem
1070 3689 1206 3770 occessit,
1230 3689 1316 3770 iique

200 3778 358 3844 coniuncti
381 3781 468 3861 apud
488 3778 710 3843 Cllotlorium
731 3779 889 3861 conquesti
911 3786 993 3860 sicut,
1017 3778 1130 3860 quibus
1152 3778 1316 3859 quantisve

199 3867 348 3931 molestiis
358 3889 419 3948 per
429 3873 595 3931 sectatores
610 3867 774 3949 relipionis
789 3868 974 3949 repulaeque
989 3865 1176 3932 Columbaui
1187 3865 1316 3931 ecclesia

200 3957 389 4020 turbaretur.
436 3955 507 4019 Rea
536 3962 640 4020 autem
670 3958 714 4020 ad
742 3977 871 4021 cansam
901 3955 1150 4020 examinandam
1177 3954 1316 4020 deciden-

155 4045 332 4124 tollamque
354 4045 507 4126 spnodum
531 4043 697 4108 conuocari
718 4043 820 4124 iussit,
850 4051 886 4108 ut
907 4046 1032 4108 tandem
1056 4043 1229 4125 aliquando
1247 4063 1317 4123 pau

199 4131 345 4197 ecclesiae
359 4139 577 4216 repararetur.
612 4132 726 4212 Itaque
737 4132 873 4214 episcopi
882 4131 1103 4214 Burpundiae,
1113 4132 1317 4212 praesidente

204 4220 326 4285 Tretico
349 4220 567 4303 Luqdunensi,
598 4221 761 4285 assistente
790 4220 1028 4286 Warnocbario
1057 4220 1178 4286 maiore
1208 4221 1316 4284 danus

187 4308 565 4390 Eustasii-odoersorio,
596 4311 700 4373 eodem
722 4330 782 4390 quo
806 4308 972 4374 concilium
1001 4307 1222 4392 (llippiacense
1244 4307 1316 4371 cele

201 4398 322 4462 brutum
353 4404 399 4462 est
421 4418 507 4463 anno
533 4397 675 4462 XLIII.
699 4397 793 4479 repis,
826 4397 849 4460 i.
873 4419 898 4461 e.
923 4419 954 4460 a.
975 4397 1086 4476 osolt.
1105 4417 1139 4476 p.
1169 4394 1255 4474 Olor,
1279 4393 1316 4457 in
