2978 4928
407 403 533 473 IONAS,
546 402 667 459 VITAE
686 403 915 460 COLUMBANI
932 403 1042 462 LIBRI
1060 405 1099 463 Π.
1280 401 1317 467 1t

194 589 275 654 tulit.
325 589 432 670 Quare
463 587 675 653 Columbanus
697 593 871 671 permotus,
906 595 1025 653 mutato
1054 589 1194 670 consilio,
1223 612 1314 675 pere

192 676 407 760 prinatiouem
424 697 516 741 suam
534 676 648 741 iterum
664 675 896 760 interrumpere
918 678 1090 759 constituit,
1115 679 1144 742 si
1165 679 1249 758 forte
1268 679 1316 745 ‘in

194 766 341 832 cordibus
372 766 512 848 pontium
540 763 723 830 uiduarum
751 767 847 845 fidem
875 786 979 831 serere
1001 767 1127 831 ualeret
1138 768 1158 830 ¹.
1205 768 1316 850 Elepit

195 855 343 937 oppidum
365 861 525 936 uetustum,
557 853 631 918 olim
654 875 727 918 uero
749 854 900 935 dirutum,
925 855 976 920 cui
998 855 1178 937 Bripautia
1200 879 1319 922 oramenv

162 950 271 1025 cerat,
302 944 386 1025 quod
413 945 458 1008 ad
483 944 587 1008 lacum
609 943 747 1007 eiicsdem
769 943 910 1008 nominis
932 943 1027 1009 situm
1050 944 1145 1009 binas
1166 947 1316 1028 tanpebat

194 1033 265 1098 mas
280 1032 506 1098 celeberrimas.
540 1031 669 1096 Eniude
681 1032 880 1097 Alamannis
888 1033 1031 1115 poponis
1042 1035 1122 1112 fides
1134 1034 1314 1100 christiana

187 1120 377 1204 praedicari
400 1127 506 1203 coepta
529 1127 582 1185 est.

301 1210 449 1274 Rbenum
483 1209 618 1288 fluuium
652 1209 812 1292 naoipans
839 1230 901 1290 per
932 1212 1041 1275 urbem
1070 1211 1314 1294 Mapontiacum

188 1300 353 1380 profectus
386 1305 438 1379 est,
469 1298 524 1363 ubi
546 1297 642 1362 Lesio
670 1297 835 1382 episcopus
865 1298 1026 1364 alimentis
1051 1320 1121 1364 enm
1150 1299 1321 1368 instrunit.¹

149 1415 176 1453 ιο
194 1387 342 1470 Denique
364 1389 409 1452 ad
437 1389 538 1452 locum
566 1406 656 1467 quern
685 1388 821 1469 eleperat
848 1387 982 1471 appulit,
1017 1390 1074 1453 sed
1101 1389 1155 1453 ille
1183 1389 1314 1456 minimo

187 1477 343 1560 placebat,
368 1496 559 1557 quamquam
581 1477 618 1540 ob
640 1477 736 1556 fidem
753 1475 791 1541 in
804 1477 949 1558 pentibus
963 1480 1130 1542 serendam
1146 1478 1314 1560 paulisper

193 1565 240 1630 ibi
255 1587 288 1630 se
302 1571 566 1631 commoraturum
581 1585 646 1629 esse
661 1564 835 1646 spopondit.
875 1565 971 1631 Sueui
989 1565 1044 1648 qui
1062 1566 1108 1631 ibi
1125 1567 1315 1632 babitabant

194 1660 223 1719 et
245 1653 373 1736 papani
402 1659 431 1717 et
460 1652 587 1718 nornine
616 1659 706 1718 tenus
736 1653 905 1719 christiani
931 1654 1027 1720 simul
1049 1676 1155 1720 annes
1177 1657 1233 1721 deo
1256 1677 1313 1722 suo

200 1743 346 1809 Wodano
367 1743 416 1806 ita
438 1741 624 1821 sacrificare
653 1742 801 1823 solebant,
832 1750 868 1807 ut
895 1764 952 1807 uas
981 1765 1132 1825 mapnum
1161 1744 1314 1810 cerevisia

149 1857 175 1897 a
187 1833 319 1915 plerum
352 1831 389 1896 in
423 1830 525 1895 medio
551 1829 692 1913 positum
726 1837 812 1895 esset.
869 1829 1081 1897 Columbanus
1114 1853 1185 1898 cum
1218 1854 1314 1915 apros
1343 1839 1373 1869 ·“

194 1940 301 1985 eorum
313 1920 517 2002 perlustrares
531 1919 750 1998 sacrificantes
765 1920 1024 2000 deprehendisset,
1050 1920 1208 2003 lipomina
1225 1922 1320 1987 uasis*

194 2009 325 2074 dissolui
347 2008 590 2090 emendareque
613 2011 777 2089 profluere
798 2007 911 2088 iussit,·
941 2009 1073 2073 barbari
1095 2016 1198 2074 autent
1220 2031 1312 2074 enan

192 2097 303 2181 pelicis
325 2097 393 2162 eius
414 2097 509 2162 dietis
531 2096 678 2179 castipati
700 2095 791 2160 multi
821 2103 895 2161 tunc
918 2098 962 2161 ad
982 2098 1077 2176 fidem
1101 2097 1312 2163 christianam

194 2185 336 2252 nonensi
357 2193 433 2250 sunt
455 2186 574 2268 aliique
596 2185 651 2267 qui
674 2185 829 2269 baptirati
853 2185 921 2249 iam
943 2191 1037 2250 nant
1057 2185 1161 2266 ipsius
1183 2187 1311 2252 monitis

148 2301 176 2340 eo
194 2275 471 2358 superstitionibus
492 2296 525 2340 se
548 2275 769 2340 abstinuerunt
777 2276 799 2337 1.
845 2273 937 2339 Victu
966 2274 1144 2340 necessario
1166 2275 1312 2340 monacbi

195 2364 293 2430 Scotti
315 2370 437 2447 epentes
453 2385 515 2445 per
537 2362 677 2429 triduum
700 2363 811 2429 auibus
833 2365 1044 2445 uescebantur,
1072 2371 1185 2445 quarto
1208 2371 1322 2430 autem

195 2453 246 2518 die
279 2453 440 2535 episcopus
473 2452 603 2533 quidam
636 2452 762 2517 uinnus
795 2452 949 2531 frumenti
983 2452 1105 2534 copiam
1135 2453 1181 2518 eis
1214 2453 1310 2519 misit.

198 2542 352 2608 Oellulam
373 2562 470 2623 quarn
491 2541 555 2606 sibi
578 2548 798 2606 construxerat
817 2539 1029 2607 Columbanns
1044 2562 1129 2607 more
1143 2562 1200 2606 suo
1218 2543 1313 2608 certis

193 2631 383 2713 temporibus
419 2630 629 2712 relinquebat,
672 2632 886 2711 desertumque
923 2630 1051 2712 adiem,
1093 2631 1150 2696 snb
1186 2632 1312 2713 scopulo

148 2744 176 2785 n
193 2721 329 2801 quodam
363 2719 573 2800 delitescebat,
609 2718 774 2783 comitante
807 2718 955 2783 ministro
989 2740 1054 2800 suo,
1090 2739 1150 2801 qno
1182 2741 1312 2785 munere

198 2808 423 2891 Obapnoaldns
445 2814 519 2872 tunc
541 2808 743 2888 funpebatur.
783 2807 808 2870 1
809 2806 841 2872 bi
862 2807 984 2873 ieiunio
1008 2828 1120 2889 corpus
1142 2809 1313 2888 conficiens

193 2897 296 2962 cibum
318 2896 452 2977 sumpsit
468 2917 566 2976 poma
589 2896 647 2960 illa
670 2894 837 2975 silvestria,
863 2898 900 2960 de
923 2896 1035 2977 aeribus
1058 2896 1138 2960 dini.

300 2985 404 3067 Prope
415 2984 625 3066 Bripantiam
642 2983 853 3049 Columbanus
868 2984 923 3048 cin
932 3005 994 3065 per
1009 2984 1173 3049 biennium
1185 2986 1308 3050 restitit.

198 3073 277 3140 Cum
306 3075 394 3156 apnul
427 3073 649 3138 Oblotbarinm
677 3075 866 3153 uersaretur,
897 3072 939 3136 lis
966 3073 1052 3136 inter
1078 3072 1312 3138 Tbeuderioum

149 3187 175 3228 n
194 3170 223 3228 et
240 3162 497 3227 Tbeudebertum
509 3185 540 3226 a.
558 3160 669 3244 610s1.
685 3167 795 3225 erorta
812 3167 966 3241 astatque
983 3166 1112 3242 uterque
1131 3160 1312 3226 Oblotbarii

193 3251 369 3317 societatem
391 3251 525 3317 ambisse
547 3250 698 3315 uidetur2.
745 3249 843 3313 Anno
865 3247 1051 3331 insequenti,
1075 3256 1244 3332 antequam
1267 3253 1320 3333 ad

186 3361 332 3423 pupnam
361 3345 485 3404 uentum
507 3346 561 3420 est,
590 3339 803 3405 Oolumbanus
832 3340 878 3403 ad
903 3339 1152 3404 Tbeudebertum
1182 3339 1313 3406 ascend

192 3428 362 3511 suasitqne,
386 3435 421 3494 nt
443 3449 503 3493 suu
525 3435 633 3510 sponte
656 3426 788 3492 clericus
802 3428 900 3509 deret,
924 3449 964 3491 ne
979 3434 1008 3492 et
1022 3448 1154 3510 repnum
1169 3435 1199 3493 et
1212 3429 1310 3493 uitam

193 3524 356 3583 aeternam
376 3519 533 3601 perderet.
585 3519 675 3599 Quod
696 3515 863 3581 consilinm
887 3537 964 3580 sane
985 3515 1168 3582 inauditnm
1191 3518 1260 3599 repi
1282 3524 1312 3583 et

149 3631 176 3672 n
194 3606 468 3672 circumstantibus
482 3606 584 3671 risum
599 3606 712 3685 mouit·
735 3626 800 3669 non
815 3604 900 3670 enim
915 3605 1177 3688 Merouinporum
1192 3606 1308 3688 fuerat,

193 3716 289 3777 repno
319 3695 457 3776 dimisso,
492 3695 575 3758 ultro
604 3701 717 3759 uestem
745 3700 878 3758 mutare.
930 3693 1057 3757 Bellum
1086 3693 1187 3774 ipitur
1210 3716 1311 3776 prope

197 3785 324 3848 Tullum
346 3806 381 3850 a,
395 3789 469 3847 612.
493 3804 597 3847 mense
612 3782 709 3846 Maio
725 3781 923 3847 commissum
941 3789 986 3846 est
1007 3783 1200 3863 alterumque
1223 3783 1312 3866 apud

197 3872 401 3937 Tulliacense
439 3879 597 3952 castrum,
633 3871 671 3935 in
707 3878 838 3951 utroque
875 3871 1108 3935 Tbendebertns
1145 3877 1311 3952 superatus

191 3962 304 4044 fupam
338 3960 422 4043 iniit,
458 3962 513 4025 sed
545 3966 657 4043 captus
690 3965 720 4024 et
752 3958 933 4024 clericatum
966 3966 996 4023 et
1023 3965 1152 4023 mortem
1181 3959 1308 4024 subiitss.

147 4075 175 4115 n
193 4050 339 4130 Denique
372 4055 493 4114 mortuo
520 4047 712 4114 Tbeuderico
742 4046 948 4112 Oblotbarins
977 4069 1007 4111 a.
1033 4054 1107 4111 613.
1138 4047 1235 4112 trium
1264 4068 1310 4112 re·

191 4159 328 4220 pnornm
345 4137 531 4203 monarobia
547 4136 669 4219 potitus
692 4143 744 4218 est,
761 4136 843 4201 sicut
863 4133 1073 4202 Columbanus
1089 4136 1308 4217 praediceret.

194 4314 220 4380 1)
234 4312 265 4366 r.
281 4311 395 4366 autumo.
412 4312 492 4377 am.
565 4312 592 4378 2)
609 4310 652 4363 a.
670 4311 758 4378 1,24,·
776 4310 811 4374 er.
828 4309 908 4363 eru.
922 4272 1031 4378 rusi.
1105 4309 1132 4379 3)
1147 4310 1177 4364 r.
1192 4309 1308 4364 coruus.

194 4384 282 4451 I‚28‚·
301 4382 336 4446 u,
354 4382 434 4438 ara.
451 4382 501 4447 JV,
514 4384 558 4438 38.

246 4489 321 4530 lonas.
1097 4468 1114 4521 2
