2978 4928
406 402 532 472 10NAS,
546 401 667 457 VITAE
686 401 1098 465 oonUMBnN1,LIBR111.
1278 409 1314 465 to

191 584 509 652 electus-Deuadedit
537 584 699 668 episcopus
729 584 934 655 ordinaretur
944 586 965 649 ¹.
1011 586 1103 652 luter
1133 588 1316 668 defensores.

193 674 290 740 trium
329 673 537 755 capitulorum
575 674 795 755 sporpehatur,
834 674 1008 742 haereticos
1044 674 1117 740 illos
1154 676 1313 759 autiquos,

192 762 312 829 scilicet
326 763 501 845 hhrtpcheu,
520 761 712 843 Nestorium,
729 761 929 844 Dioscorum,
953 785 975 828 a
998 762 1115 845 Vipilio
1137 764 1175 828 iu
1193 767 1313 847 spuodo

193 871 290 933 quom
320 851 390 916 diui
423 850 777 932 Coustautiaopolitaua
811 858 946 933 receptos
980 873 1054 917 esse.
1102 852 1179 918 Sodi
1212 853 1313 936 ipitur

158 939 384 1025 sapostolioae
406 939 498 1005 tuitio
520 939 750 1005 haereticorum
771 939 987 1026 imputabatur
1009 962 1125 1022 eorum,
1155 941 1212 1022 aui
1234 963 1314 1007 aaa·

193 1028 324 1094 themati
360 1026 538 1095 subiciendi
575 1027 721 1107 fuissout.
779 1029 992 1094 Columhauus
1027 1029 1161 1095 Italiam
1199 1030 1313 1096 adiems

186 1139 292 1200 pocae
315 1117 351 1183 iu
373 1117 486 1201 primo
515 1117 662 1199 inpressu
691 1117 805 1183 litteris
827 1117 1008 1183 admonitus
1030 1125 1107 1200 erat,
1137 1125 1174 1183 ut
1188 1140 1312 1201 papum

193 1213 315 1272 caveret
342 1205 378 1271 iu
409 1205 554 1270 Nestorii
587 1212 702 1288 sectam
736 1208 916 1288 collapsum.
973 1208 1064 1288 Quod
1094 1214 1130 1272 ut
1160 1207 1312 1274 attonitus

187 1295 295 1377 primo
317 1293 448 1359 mimimo
471 1293 614 1375 credidit,
645 1293 693 1359 ita
715 1316 750 1360 re
773 1294 954 1360 accuratius
977 1296 1178 1362 considerata
1200 1303 1311 1379 postea

148 1410 176 1449 ιο
191 1383 355 1449 ueritatem
384 1383 568 1465 dilipeutius
597 1384 764 1466 explorare
787 1384 948 1449 coustituit
970 1405 1212 1467 rcspousumque
1234 1405 1312 1451 oom-

187 1493 314 1557 poueas
329 1493 438 1555 papae
462 1473 506 1536 ad
520 1473 726 1554 relepeudum
745 1495 783 1537 ac
799 1474 1041 1538 coucertaudum
1056 1473 1152 1538 misit.
1197 1473 1312 1539 Ommes

193 1560 278 1626 euim
307 1560 426 1627 Hiberi
457 1561 557 1626 solam
587 1560 800 1644 coaupelicam
830 1568 859 1625 et
891 1562 1094 1642 apostolicam
1133 1562 1310 1628 doctrinam

194 1649 357 1715 admittere
372 1649 436 1715 sihi
450 1649 639 1714 oidchautur
655 1656 747 1730 atque
761 1649 798 1714 iu
814 1672 848 1714 eo
863 1651 994 1714 multum
1007 1651 1145 1733 ploriari
1160 1651 1309 1733 salehaut,

193 1738 314 1803 mullum
344 1738 544 1820 haereticum,
574 1738 697 1802 mullum
726 1738 896 1820 Iudaeum,
928 1740 1050 1803 mullum
1078 1739 1311 1805 schismaticum

147 1854 175 1894 a
192 1826 278 1893 iuter
300 1849 332 1892 se
360 1827 471 1907 fuisse,
500 1829 557 1892 sed
583 1828 678 1906 fidem
708 1827 903 1908 catholicam,
934 1826 1016 1892 sicut
1037 1830 1077 1892 ah
1101 1829 1310 1909 apostolorum

193 1916 422 1981 successorihus
452 1915 571 1980 tradita
600 1922 686 1996 esset,
722 1917 769 1980 ita
799 1917 838 1980 ah
867 1915 949 1997 ipsis
977 1922 1013 1979 ut
1041 1916 1131 1980 Petri
1160 1922 1190 1980 et
1211 1916 1311 1981 Pauli

193 2003 360 2086 discipulis
389 2004 609 2070 iucomcussam
639 2003 747 2068 temeri.
801 2004 973 2068 Praeterea
1002 2025 1059 2068 rea
1088 2003 1154 2085 ipse
1184 2004 1310 2087 Lampo·

194 2095 365 2158 lardarum
393 2115 461 2158 uua
490 2115 557 2158 oum
590 2092 703 2175 repiua
739 2091 964 2157 Columhouum
994 2098 1170 2173 ropouerat,
1203 2099 1239 2156 ut
1267 2092 1312 2157 ad

186 2178 312 2265 papam
336 2203 465 2247 causam
488 2183 632 2263 deferret,
656 2189 692 2246 ut
707 2181 844 2247 schisma
860 2181 1018 2245 tolleretur
1035 2187 1157 2262 totaque
1180 2179 1310 2246 ecclesia

146 2299 175 2338 ao
193 2269 348 2336 catholica
382 2292 477 2352 arcam
511 2270 670 2336 celerrime
705 2271 740 2334 iu
773 2292 871 2334 uurrm
906 2275 1072 2352 caperetur.
1126 2270 1309 2352 Apilulfum

193 2358 330 2438 fortasse
353 2359 497 2424 diutinae
520 2359 698 2424 discordiae
721 2360 863 2424 taedelat
883 2365 938 2423 aut
956 2360 1000 2422 ad
1014 2360 1108 2439 pidem
1125 2358 1309 2424 catholicam

193 2447 259 2512 iam
288 2449 479 2530 propensior
507 2449 612 2528 foetus
647 2455 725 2529 erat,
757 2455 925 2530 postquam
960 2448 1116 2512 haeresim
1146 2447 1310 2512 Ariauam

192 2558 281 2618 repes
309 2538 595 2618 Lompohardorum
625 2558 659 2601 eo
687 2558 784 2618 usque
813 2540 1043 2617 firmauerunt,
1076 2535 1195 2600 dixisse
1224 2536 1310 2600 euim

193 2626 306 2707 femur,
331 2625 360 2690 si
383 2632 499 2690 certum
522 2627 624 2706 sciret,
649 2646 681 2689 se
701 2631 729 2689 et
748 2625 852 2706 ipsum
868 2625 1059 2691 crediturum
1075 2646 1148 2690 esse.
1190 2625 1310 2690 Colum-

146 2716 296 2781 nullanus
318 2714 511 2796 perepriuus
533 2715 600 2779 iam
622 2713 834 2793 Bouisacium
856 2736 979 2796 popam
1003 2713 1136 2795 epistula
1166 2714 1244 2779 dato
1273 2713 1309 2778 iu

193 2823 286 2867 arma
309 2803 463 2868 suscitare
493 2804 676 2884 couohatur,
708 2809 743 2867 ut
771 2803 928 2885 oipiluret,
959 2802 1046 2867 omui
1068 2802 1245 2884 postposita
1259 2823 1311 2866 se-

193 2892 335 2973 curitate,
364 2913 552 2973 causamque
575 2891 755 2956 schismatis
777 2893 897 2956 cultello
922 2888 955 2953 S.
980 2891 1079 2971 Petri,
1109 2891 1213 2956 idest
1236 2911 1310 2954 aera

192 2980 229 3044 im
252 2982 371 3064 spuodo
393 2980 471 3061 hdei
496 2980 707 3062 profusione,
738 2980 841 3045 lucidi
870 2980 977 3044 uoluit.
1024 2981 1100 3062 Ipse
1123 2979 1206 3044 euim
1230 2985 1311 3042 totus

194 3070 238 3133 ad
261 3075 390 3153 partem
421 3071 587 3134 aduersam
617 3068 791 3134 trausierat
820 3089 929 3148 eosque
959 3067 1104 3132 laudauit
1125 3067 1180 3147 qui
1204 3088 1311 3148 papae

146 3185 175 3226 so
193 3157 374 3223 resisterent
401 3180 499 3240 aeque
530 3180 599 3223 cum
627 3157 698 3241 ipso
736 3157 1002 3221 communicarent
1031 3154 1192 3236 iuuiores,
1226 3154 1311 3233 tilios

193 3246 352 3312 couteudit
380 3247 417 3312 im
447 3253 543 3330 caput
572 3261 735 3312 couversos
764 3263 837 3325 esse,
869 3244 898 3308 si
928 3266 1004 3309 oeru
1034 3250 1135 3307 esseut
1164 3265 1202 3307 ea
1232 3264 1311 3325 quae

192 3336 408 3417 uulpureutur,
426 3357 548 3417 papam
572 3341 676 3399 autem
699 3333 734 3398 iu
758 3334 903 3398 caudam.
938 3333 984 3396 Ei
1006 3332 1159 3398 ueaiorem
1178 3332 1311 3398 auctori-

193 3429 287 3488 tatem
320 3424 485 3490 oiudicare
519 3425 629 3505 uoluit,
666 3422 866 3488 disseutieutc
900 3443 932 3486 se
961 3422 1050 3504 ipso,
1087 3443 1178 3487 suam
1208 3428 1312 3486 autem

194 3511 374 3594 opimiomem
403 3514 503 3578 solam
533 3511 661 3578 ceritati
691 3513 878 3592 respoudere
911 3510 1144 3593 imperterritus
1173 3511 1312 3592 satisque

146 3626 175 3668 a
193 3600 393 3683 importamus
415 3603 630 3666 demonstrare
653 3602 831 3666 nitebatur:
853 3601 886 3664 N
888 3623 933 3666 on
955 3603 1055 3678 enim,
1080 3600 1194 3688 iuquit,
1219 3601 1312 3683 apud

155 3770 159 3775 Α
193 3712 255 3755 nos
279 3712 433 3776 persona,
458 3692 518 3756 sed
541 3691 631 3755 ratio
654 3691 757 3756 valet.

302 3796 400 3862 Hauc
423 3797 589 3879 epistulam
605 3795 788 3860 Mediolani
804 3795 960 3878 amnisque
977 3790 1088 3876 olata.
1105 3793 1312 3874 couscriptum

193 3906 258 3949 esse
277 3889 395 3967 patet2,
420 3906 489 3950 cum
513 3885 601 3967 aprrd
624 3884 805 3966 Apilulfum
828 3904 931 3967 repom
958 3890 1085 3949 sauctus
1116 3885 1310 3947 versabatur.

196 4095 221 4161 1)
243 4094 321 4160 Grep.
338 4095 403 4160 lau
415 4095 467 4159 XI,
480 4097 496 4149 6
501 4111 514 4157 ;
533 4093 612 4158 Jofft
627 4110 654 4148 u.
669 4093 763 4147 17962.
836 4095 863 4159 2)
885 4093 950 4147 Md.
969 4094 1020 4159 Ep.
1039 4092 1094 4155 ΙΙΙ,
1109 4110 1138 4159 p.
1153 4095 1212 4158 172,
1232 4093 1249 4147 l.
1263 4096 1310 4147 30:

145 4181 176 4219 40
195 4163 267 4217 Ecce
279 4165 476 4218 conturbantur
489 4167 591 4233 gentes,
610 4163 776 4216 inclinantur
788 4180 879 4232 regns,
896 4179 963 4234 quom
979 4163 1057 4215 rerba
1073 4166 1109 4215 ad
1124 4181 1168 4216 rrs
1183 4181 1209 4214 a.
1222 4165 1312 4229 olata.

194 4241 283 4300 postas
306 4237 449 4299 referenda
475 4253 528 4287 esse
549 4237 689 4302 perspoatt
716 4235 747 4288 G.
767 4235 868 4300 Hertel,
890 4235 972 4285 ‘Uter
989 4236 1034 4286 des
1052 4235 1078 4288 h.
1092 4235 1216 4287 Columba
1229 4234 1314 4286 Lam

194 4308 252 4358 aud
270 4307 415 4373 Schriften,
442 4307 581 4359 lesouders
607 4306 672 4357 dher
689 4306 760 4357 seiae
778 4305 967 4371 Klosterrepet'
986 4306 1087 4372 (Iltpeu
1112 4307 1169 4356 rruol
1187 4306 1314 4368 Nialuer,

196 4377 364 4441 ‘Zeitschrift
382 4381 433 4442 fiir
451 4380 493 4430 die
511 4379 606 4435 histor,
624 4377 781 4443 Theolopie',
802 4378 903 4429 Gothos
924 4379 1001 4442 1875,
1015 4393 1045 4443 p.
1060 4378 1232 4440 396-454).

1099 4463 1132 4518 2*
