2978 4928
158 382 194 436 64
371 378 497 448 IONAS,
510 378 630 434 VITAE
648 377 860 434 COLUMBAN
863 379 877 434 1
894 380 1003 436 LIBRI
1021 381 1061 437 H.

264 561 297 625 A
316 559 383 643 Ιώ)
408 561 512 627 Cadere
530 560 837 627 Laudiuieusis
854 562 964 627 Musei
982 562 1174 629 Britannici
1191 564 1277 630 iuter

157 648 269 714 Addit.
292 670 365 714 rues.
390 671 421 715 u.
443 656 559 732 10933,
588 672 669 716 saec.
688 650 767 731 XV,
792 651 848 731 fet.
868 658 1057 733 110-120,
1090 653 1126 717 V.
1157 652 1276 718 Colum-

157 737 235 802 baui
255 759 324 803 uua
346 759 416 803 cum
443 738 578 820 epistuta
605 746 635 803 et
657 739 808 803 tatcrcutc
831 739 968 821 capitum
991 741 1048 805 sed
1069 743 1185 822 absque
1207 762 1276 807 eur·

156 825 297 892 minibus
312 827 456 909 cautiuet,
480 827 678 910 siuputisque
692 827 846 911 partibus
862 829 1065 910 praesurpta
1087 830 1276 911 subscripta

156 935 215 996 que
234 921 311 981 suut
332 915 427 981 haee:
1292 943 1306 983 s

201 1024 332 1108 Incipit
354 1023 517 1108 prologus
539 1025 576 1087 in
594 1025 700 1088 vitam
724 1025 836 1088 sancti
853 1024 1058 1089 Oolumbani
1076 1026 1212 1090 abbatis
1230 1059 1276 1071 -·

246 1112 398 1196 Explicit
420 1112 593 1196 prologus.

202 1201 381 1284 Incipiunt
405 1201 625 1285 capitula-
650 1196 728 1278 (des.
752 1201 789 1266 iu
812 1222 837 1266 e.
855 1202 924 1284 29).
972 1202 1125 1286 Explicit
1152 1204 1194 1268 de
1223 1224 1274 1268 aa·

246 1288 377 1373 pitulis.

202 1376 333 1461 Incipit
360 1378 433 1442 vitu
461 1379 573 1443 saneti
596 1378 804 1443 Oolumbani
833 1400 854 1443 a
881 1379 968 1444 Ione
997 1381 1170 1463 quondam
1201 1401 1318 1464 pre-10

247 1469 385 1619 eppttppe
419 1467 514 1532 edite
547 1502 591 1510 -
625 1467 777 1552 Explicit
812 1469 883 1532 vite
921 1467 1034 1533 sancti
1069 1468 1274 1555 columbani

246 1575 267 1618 u
315 1577 336 1618 a
352 1575 392 1618 1s.

161 1649 278 1732 Capita
307 1651 449 1716 numeris
477 1651 602 1733 quidem
632 1652 783 1718 distincta
811 1659 894 1735 suut,
925 1656 981 1719 sed
1004 1653 1274 1737 praescriptiones

156 1739 389 1805 desiderantur.
436 1740 552 1806 Versus
575 1740 707 1807 barbari
730 1763 754 1807 c.
772 1747 802 1807 2.
827 1741 864 1806 iu
890 1742 947 1808 teuc
969 1741 1050 1806 tibro
1078 1741 1126 1806 ita
1150 1748 1273 1823 pertur-

156 1829 223 1893 bati
245 1829 391 1912 tepuutur
413 1828 495 1894 sicut
516 1829 554 1894 iu
576 1829 708 1912 reliquis
724 1830 853 1913 primae
876 1829 988 1896 classis
1010 1830 1184 1896 codicibus:
1292 1855 1317 1894 u

200 1957 228 1999 u.
246 1942 276 1998 3.
301 1941 331 1998 4.
356 1937 417 2000 lux
446 1938 616 2001 undarum
647 1939 684 2001 in
713 1939 880 2002 immanes
911 1972 953 1980 -
983 1972 1028 1981 -
1056 1938 1207 2002 latebras
1238 1943 1273 2002 et

245 2026 406 2090 occiduas
429 2060 471 2068 -
496 2060 538 2068 -
562 2027 600 2089 in
623 2027 771 2105 umbras,

155 2120 247 2194 atque
270 2115 457 2196 pierumque
485 2113 632 2179 teeticues
661 2113 730 2178 eius
752 2135 821 2178 cum
844 2114 876 2177 A
895 2111 957 2180 la⁸.
979 2109 1028 2180 α’*
1051 2120 1081 2179 et
1102 2121 1274 2180 correctore

156 2200 272 2266 codicis
295 2202 327 2266 A
345 2208 386 2267 lu
409 2202 616 2268 ccuueuiuut:

200 2329 225 2373 c.
246 2313 296 2371 17.
321 2329 368 2372 ea.
394 2309 460 2373 Oui
483 2304 542 2393 sic]
569 2309 758 2389 QuomodO,
1290 2333 1317 2372 ru

201 2418 226 2461 c.
243 2402 296 2460 20.
320 2397 409 2461 Nem
434 2403 469 2463 et
492 2399 560 2462 hiis
583 2419 691 2483 usque
714 2398 885 2482 perduxit.
919 2400 1012 2464 inter
1034 2420 1119 2482 quos
1142 2399 1272 2482 primus
1376 2467 1383 2482 ,

368 2487 614 2571 Regemundus
638 2491 722 2552 erat.
762 2486 831 2566 Qui
855 2508 933 2551 cum
955 2510 1024 2565 un,

200 2594 226 2637 c.
243 2579 296 2637 22.
320 2569 390 2658 filo]
415 2577 534 2653 ubilos,

232 2661 275 2726 ib.
320 2665 503 2728 excubasse
528 2659 679 2748 exubias]
705 2665 867 2736 excubias
890 2666 1028 2731 redisse.

154 2750 329 2816 Librarius
363 2754 438 2817 dura
465 2751 705 2835 Otapucatdum
739 2752 776 2817 iu
799 2753 1034 2835 Mapuoatdum
1068 2774 1093 2817 c.
1118 2759 1170 2816 27.
1202 2775 1272 2818 curu
1290 2775 1317 2815 es

60 2918 61 2921 Ἴ
153 2835 260 2904 Ala*⁸
284 2846 313 2904 ct
335 2861 416 2906 corr.
433 2842 516 2905 Ala
538 2848 647 2923 mutat,
665 2848 834 2922 practerea
852 2842 956 2924 mapis
973 2862 1044 2907 cum
1057 2837 1179 2907 Alam
1203 2863 1271 2906 cou-

154 2931 287 2994 curdare
300 2929 426 2995 uidetur
436 2952 531 3013 quam
547 2952 617 2995 curu
632 2929 765 3013 reliquis
780 2932 923 3012 satusque
935 2951 960 2996 c.
973 2937 1023 2994 17.
1036 2932 1270 3015 egredientem

152 3017 276 3084 euhibet
291 3039 355 3100 pro
379 3023 571 3084 exeuntem.

259 3125 291 3188 A
311 3124 364 3207 lb)
394 3103 498 3191 Oudeu
520 3125 818 3191 Bruuetteusis
840 3147 873 3190 u.
891 3130 1089 3205 sels-20,
1120 3145 1198 3190 saec.
1226 3124 1269 3206 X,

152 3219 249 3277 autea
278 3213 548 3297 Mctsheiueusis,
580 3222 646 3280 turu
675 3214 787 3280 Musei
815 3213 1108 3279 Bottaudiaucrum
1137 3213 1270 3278 Autuer-
1289 3234 1315 3275 su

146 3299 273 3380 pieusis
297 3297 339 3381 (i
353 3322 410 3366 rus.
429 3301 498 3383 86),
523 3303 660 3368 coutiuet

259 3406 315 3486 fot.
335 3409 471 3472 1-33‘.
502 3409 539 3473 V.
569 3407 756 3473 Columbaui
779 3430 849 3474 curu
871 3408 1068 3474 carminibus
1090 3406 1183 3473 iuitio
1205 3429 1269 3472 ruu-

152 3493 252 3575 titaru,
284 3516 353 3559 curu
376 3496 496 3561 duabus
524 3497 786 3578 quaternionibus
808 3497 979 3580 deperditis
1001 3503 1102 3561 tectus
1124 3519 1146 3561 a
1167 3495 1271 3560 uerbis

155 3577 322 3667 [ve]hunt.
369 3586 417 3648 At
444 3585 505 3650 ille
530 3607 590 3649 cur
612 3587 725 3669 inquit
749 3584 790 3667 (c.
811 3587 867 3672 ll)
898 3584 1034 3669 incipiat
1062 3605 1160 3666 aeque
1189 3604 1270 3665 quae

152 3669 248 3736 iuitic
270 3678 379 3737 eataut
399 3672 483 3752 folia
506 3675 580 3738 berre
603 3681 787 3739 conseruata
808 3673 883 3756 siut,
1288 3694 1314 3734 ss

259 3761 314 3840 fot.
332 3759 494 3826 33¹—4s‘.
520 3762 557 3826 V.
580 3762 728 3827 Eustasii
751 3762 815 3845 (II,
834 3762 966 3846 7-10),

258 3849 314 3929 fot.
331 3849 501 3913 43‘-5s‘.
525 3851 562 3915 V.
585 3851 861 3934 Burpuudcfarue
885 3848 953 3933 (II,
973 3849 1134 3932 11-22),

259 3937 315 4016 fot.
333 3937 491 4004 58‘—67.
523 3939 559 4004 V.
590 3940 730 4020 Bertutfi
764 3961 834 4005 curu
863 3939 1030 4005 miraculis
1057 3937 1269 4003 Rodiensibus

154 4019 223 4104 (H,
248 4030 418 4109 23-25),
452 4027 504 4091 cui
532 4030 628 4093 uerba
657 4030 796 4095 silentia
824 4064 868 4072 —
898 4030 1000 4094 corde
1030 4050 1083 4093 me
1116 4023 1184 4108 (II,
1208 4026 1268 4108 23)

153 4113 273 4194 desunt,
297 4134 367 4178 curn
390 4115 504 4194 fotiuru
527 4117 664 4182 eucisum
687 4117 737 4183 sit.
1286 4136 1314 4176 ⁴⁰

259 4217 360 4282 Libro
389 4219 490 4302 iqitur
518 4223 612 4288 atteri
640 4224 709 4289 sota
733 4225 767 4289 V.
793 4224 930 4289 Attatae
955 4218 1023 4305 (II,
1043 4223 1150 4306 l-ss)
1175 4223 1267 4287 deest.

193 4347 195 4352 ¹
260 4319 446 4405 Scripturae
467 4329 622 4411 speciureu
644 4330 731 4396 (ledit
751 4331 883 4396 Lacutur
906 4329 967 4394 tab.
992 4329 1028 4394 V.
