2978 4928
218 470 272 522 330
461 463 586 534 IONAS,
598 463 694 520 VITA
711 463 901 519 IOHANNIS
919 462 1095 519 ABBATIS.

220 652 332 713 castro
357 652 487 732 reptem
512 647 652 711 milibus
676 648 783 725 abest,
814 647 959 710 introiit.
1006 647 1224 729 Repertoque
1247 645 1339 725 loce,

219 738 255 800 in
286 757 353 820 quo
383 742 460 820 tyro
488 736 619 801 Christi
648 737 832 812 habitaret,
869 738 904 799 et
939 736 1075 799 celestis
1110 735 1236 798 milicie
1270 734 1340 797 ful·

219 830 358 909 gentem
379 847 494 890 ensem
513 826 681 901 baiulans,
706 845 773 908 quo
793 828 902 888 ostem
922 824 1153 888 adversarium
1173 822 1339 887 bellando

219 915 412 998 repelleret,
436 935 542 978 ovans
564 915 714 978 resedit²
736 913 795 976 ibi.
834 913 904 976 Ubi
923 914 1027 977 etiam
1047 915 1122 976 erat
1140 914 1275 995 puteus,
1299 912 1337 974 in

220 1025 287 1086 quo
311 1024 450 1087 serpens
480 1004 572 1067 inter
596 1004 731 1067 deserta
753 1003 885 1086 positus
909 1001 1102 1065 habitabat.
1150 999 1226 1080 Quo
1249 1021 1379 1064 com-s

220 1096 328 1175 perte,
354 1113 432 1156 cum
456 1091 630 1155 sodalibus
654 1085 719 1156 adb
739 1094 882 1174 puteum
899 1091 1004 1165 veuit,
1023 1090 1164 1171 Deoque
1180 1089 1338 1153 oratione

220 1184 369 1265 peracta,
395 1183 558 1264 puteum⁰
579 1201 647 1263 quo
671 1182 808 1262 poterat
826 1180 928 1243 modo
947 1180 991 1243 de
1014 1179 1185 1241 industria
1208 1178 1340 1260 inquie-

219 1271 308 1333 tavit
332 1291 371 1333 ac
396 1270 556 1353 deinceps
576 1273 770 1351 serpentem
793 1269 951 1332 nocivum
975 1271 1148 1330 mortuum
1172 1268 1338 1350 repperit.

191 1359 192 1363 ’
220 1359 434 1441 Abiectoque
451 1378 492 1421 eo
508 1358 628 1440 procul
647 1379 668 1420 a
685 1356 771 1432 loeo,
796 1357 912 1438 ibique
932 1352 1154 1440 quantisper‘l
1172 1359 1337 1433 moratus,

111 1557 146 1608 ⁶1²·
155 1559 202 1601 508.

41 3300 203 3405 magian.

220 1447 376 1512 cenobii1
399 1446 512 1511 locum
533 1446 725 1510 construxit
744 1449 779 1509 et
798 1448 995 1508 sauctorum
1019 1448 1157 1528 patrum
1180 1444 1339 1527 exemplo
1358 1467 1388 1505 ro

220 1536 283 1599 sub
308 1535 426 1621 regule
455 1538 584 1608 tenore,
617 1556 720 1617 quam
745 1534 970 1598 custodiendo
1000 1536 1215 1618 proficerent,
1248 1529 1339 1598 'sub-

219 1625 344 1689 iectam
369 1624 503 1708 plebem
530 1624 711 1687 constituit
735 1625 779 1698 et,
808 1627 849 1686 ut
872 1624 1132 1706 precedencium
1156 1623 1339 1686 monacho-

219 1735 296 1776 rum
320 1713 437 1776 studia
459 1713 629 1775 imitando
656 1715 945 1795 prosequerentur
968 1715 1003 1776 et
1027 1711 1163 1776 celestis
1187 1712 1339 1775 antidoti

221 1801 345 1886 pocula
361 1802 547 1884 prebendo,
572 1822 638 1884 quo
655 1804 875 1885 peecatorum
894 1800 1006 1865 sanies
1022 1800 1218 1883 pelleretur,
1243 1801 1340 1864 omni

219 1891 299 1954 nisu
322 1891 502 1955 adortatus
526 1893 588 1954 est.
820 1971 822 1974 Ι
1358 1909 1388 1949 rs

328 1985 358 2042 3.
394 1979 440 2042 Et
470 2000 548 2043 cum
579 1979 647 2042 iam
677 1979 804 2062 passim
827 1979 893 2041 viri
916 1978 982 2042 Dei
1012 1978 1106 2041 fama
1137 1979 1337 2055 cresceret2,

221 2068 313 2152 oepit
343 2069 496 2151 undique
527 2068 624 2152 plebs
656 2088 857 2132 concurrere
889 2070 993 2148 atque
1024 2087 1103 2130 enm
1135 2067 1205 2130 suis
1228 2067 1339 2128 famu-

220 2157 349 2221 latibus
380 2159 561 2222 honorare.
608 2157 790 2222 Crescente
821 2177 902 2239 ergo
933 2156 982 2219 ibi
1011 2157 1258 2219 monachorum
1286 2176 1338 2218 ca·

220 2248 327 2323 terva,
359 2248 452 2329 cepit
475 2248 577 2309 anxio
608 2245 719 2309 cordis
743 2244 883 2308 stimulo
916 2264 1068 2329 pensare,
1101 2245 1183 2327 quid
1213 2244 1339 2308 melius

220 2335 312 2398 foret
340 2336 490 2418 quidque
521 2334 692 2398 salubrius
722 2334 889 2398 mercedis
920 2332 1058 2397 cumulo
1088 2334 1276 2409 obveniret,
1308 2334 1339 2396 si
1357 2356 1388 2394 so

220 2423 315 2506 plebi
339 2424 548 2486 dominando
571 2427 722 2507 preesset
752 2425 814 2485 aut
846 2422 1021 2486 subiectus
1045 2422 1121 2485 aliis
1145 2422 1338 2486 obediendo

221 2512 284 2575 sub
302 2512 469 2575 obtentua
489 2511 665 2594 religionis
682 2512 871 2594 proficeret.
911 2511 993 2573 Fuit
1009 2512 1150 2575 tandem
1167 2505 1336 2587 consiliii,

221 2600 344 2664 melius
361 2620 433 2663 esse
449 2600 513 2663 sub
530 2600 667 2663 vinculo
688 2599 962 2662 mortificationis
981 2603 1036 2662 se⁰
1057 2599 1212 2677 subdere,
1233 2620 1338 2683 quam

221 2688 298 2752 aliis
316 2689 518 2773 imperando
538 2683 741 2751 dominarid.
781 2687 826 2750 nt
846 2709 924 2751 cum
944 2689 1123 2771 presertim
1143 2689 1225 2772 ipse,
1244 2688 1338 2751 infra

221 2778 507 2842 monasteriorum
528 2780 626 2859 septa
644 2777 786 2860 positus,
810 2776 978 2858 regularis
998 2778 1160 2842 materie⁰
1181 2798 1337 2841 normam
1357 2798 1387 2837 ss

221 2871 325 2949 atque
349 2866 611 2950 precedencium
641 2869 779 2948 patrum
807 2865 1025 2949 disciplinam
1049 2867 1113 2930 sub
1137 2866 1337 2930 obediencie

220 2957 333 3039 rigore
356 2977 572 3039 nequaquam
592 2954 761 3031 didicerit,
786 2955 844 3018 sed
863 2955 1104 3018 tantummodo
1123 2955 1213 3036 quod
1233 2955 1337 3019 lectio

220 3046 275 3110 vel
291 3046 386 3108 fama
401 3045 577 3128 religionis
589 3044 645 3108 vel
662 3043 756 3107 cordi
771 3043 954 3108 inseruerit
967 3043 1021 3107 vel
1037 3044 1113 3106 auri
1125 3037 1336 3119 advexeritf,

220 3135 413 3217 postposita
432 3133 738 3217 percunctationeg
757 3135 860 3214 atque
877 3133 970 3195 omni
986 3133 1224 3214 ambiguitate,
1245 3133 1337 3215 cepit

220 3243 361 3304 querere
400 3243 504 3299 arma,
544 3223 669 3305 quibus
706 3221 814 3305 possit
848 3221 1004 3285 subiecta
1038 3221 1191 3284 membra
1228 3221 1335 3284 tueri:
1357 3244 1387 3295 ao

221 3311 380 3394 clipeum,
404 3332 472 3393 quo
496 3311 700 3375 diabolicam
726 3315 836 3374 artem
858 3310 992 3387 vitaret,
1024 3309 1133 3392 galea,
1165 3330 1232 3391 qua
1256 3310 1337 3372 fidei

221 3404 325 3482 eaput
363 3400 510 3464 inlesum
549 3402 715 3476 servaret,
755 3391 987 3471 mucronemh,
1023 3420 1100 3482 'quo
1143 3397 1336 3461 mundiales

220 3508 350 3552 errores
374 3490 555 3564 coerceret,
580 3481 783 3571 impinget¹.

327 3583 357 3638 4.
388 3577 540 3640 Tandem
565 3577 802 3659 religiosorum
822 3597 931 3641 mores
955 3577 1163 3660 perquirens,
1189 3575 1233 3639 ad
1254 3575 1336 3637 Liri·

220 3684 325 3729 nense
356 3667 600 3728 monasterium
632 3667 798 3749 pervenit,
832 3667 892 3730 ubi
922 3667 1006 3728 tuuc
1037 3664 1243 3729 venerabilis
1267 3663 1335 3727 Ho·
1356 3685 1385 3724 as

379 3838 447 3885 capp.
464 3837 532 3875 2-4.
561 3838 607 3878 At.

326 3945 386 3992 Gap.
403 3945 421 3983 2.
451 3944 472 3994 a)
492 3942 578 3982 recedit
591 3943 638 3982 At.
693 3943 716 3990 b)
737 3944 797 3993 apud
811 3948 870 3982 teum
884 3945 931 3983 Ar.
988 3946 1008 3992 c)
1029 3947 1069 3993 put
1083 3947 1143 3983 teum
1157 3944 1205 3984 At.
1261 3943 1283 3991 d)
1305 3944 1336 3982 ita

218 3998 296 4046 scripsi
301 4009 309 4044 ,¹
327 3997 488 4046 aliquantisper
502 4001 650 4036 commoratus
665 3997 710 4038 Aa

325 4060 385 4106 Cap.
399 4059 418 4099 3.
453 4059 474 4109 a)
496 4059 527 4096 ita
540 4059 566 4099 B.
584 4059 613 4104 0,·
633 4059 694 4096 cultu
712 4059 763 4096 At:
786 4058 827 4097 sub
848 4059 942 4098 obtentu
963 4059 1082 4105 relegionis
1102 4059 1166 4097 etiam
1186 4059 1247 4102 infra
1267 4070 1284 4097 c.
1301 4059 1334 4098 12.

218 4114 242 4158 b)
255 4113 287 4150 iic
300 4113 327 4152 13.
343 4113 373 4160 0,·
391 4112 506 4151 consilium
522 4118 547 4149 ut
560 4113 639 4150 melius
654 4117 712 4151 esset
730 4122 754 4150 se
769 4113 809 4150 sub
823 4112 871 4150 At.
915 4109 948 4160 'c)
968 4114 999 4150 tta
1013 4113 1039 4151 R.
1056 4112 1086 4157 C,·
1106 4123 1136 4153 m.
1149 4109 1272 4151 subsedere
1286 4112 1334 4153 Aa
1354 4111 1384 4150 40

218 4165 341 4217 d).drii'ari
354 4167 401 4205 Aa
444 4171 465 4212 e)
479 4165 591 4204 macherie
605 4165 652 4204 Aa
698 4165 716 4216 t)
730 4165 832 4203 avexerit
845 4165 893 4204 ΑΞ.
941 4165 964 4216 g)
979 4165 1145 4214 percnetatione
1160 4166 1207 4207 At.
1255 4165 1279 4215 h)
1294 4177 1336 4203 nu·

218 4221 326 4260 chronem
339 4221 387 4259 Aa
441 4218 457 4270 i)
477 4220 507 4257 ita
521 4219 568 4257 Aa

220 4363 246 4429 1)
267 4359 585 4412 Mater-Saint-Jean
609 4361 681 4409 cirea
700 4359 714 4412 7
734 4359 811 4408 utalia
835 4376 853 4410 a
872 4359 967 4411 Semur
984 4365 1073 4411 castro
1098 4359 1176 4414 alat.
1249 4360 1277 4426 2)
1303 4359 1337 4415 V..

218 4432 376 4484 Columbaria*
393 4431 418 4496 Ι,
432 4434 480 4486 18:
500 4429 630 4482 Creverat
649 4429 704 4480 iam
722 4428 822 4496 passim
842 4428 915 4481 fama
933 4429 1021 4481 sancti
1039 4429 1098 4484 viri.
