2978 4928
405 400 530 469 10NAS‚
544 401 664 457 VITAE
684 401 912 458 OOLUMBANI
928 403 1039 460 LIBRI
1056 405 1096 463 H.
1275 410 1308 465 51

191 583 360 651 historiam
382 583 586 665 relepationis
608 605 766 666 novaeque
785 585 1055 667 pereprinotionis
1070 607 1133 669 per
1155 588 1311 654 Alaman-

191 674 282 739 niam
304 673 341 738 in
364 671 497 738 Italiam
519 693 616 754 usque
639 675 684 739 od
705 673 821 738 obitum
842 674 975 755 felicem,
998 675 1022 739 i.
1038 697 1064 739 e.
1083 674 1173 740 intra
1188 697 1310 758 paucos

192 783 300 828 annos
315 767 508 827 ool-615.
529 767 626 843 posta,
651 761 891 843 comprehendit.
929 763 1119 829 Procedente
1137 763 1221 829 enim
1238 770 1309 830 teon

186 871 266 932 pore
287 851 391 931 fontes
413 870 447 914 eo
469 848 599 914 uberius
616 851 718 929 {luem
738 857 911 932 coeperunt,
935 872 995 935 quo
1017 851 1124 917 minus
1146 853 1184 918 de
1205 852 1310 919 sancti

160 961 174 1003 s
185 938 379 1021 primordiis
412 944 442 1002 et
474 938 709 1003 comversatione
741 938 921 1006 Hiberniam
954 940 1155 1006 abundantio
1187 942 1309 1023 fideque

184 1029 404 1110 praestabant,
434 1046 598 1109 perpauca
632 1033 755 1092 tantum
782 1048 962 1110 parumque
995 1036 1096 1110 certo,
1130 1051 1171 1094 ne
1204 1030 1309 1095 dicam

143 1180 147 1185 .
191 1117 339 1196 fabulosa
361 1117 530 1180 tradentes.
572 1115 673 1180 Ionas
695 1115 858 1198 utriusque
880 1117 1067 1182 monasterii
1089 1124 1118 1183 et
1139 1117 1309 1184 Bohiensis

192 1210 221 1269 et
250 1203 461 1270 Lunaviensis
489 1204 652 1285 prosimos
685 1204 790 1270 sancti
820 1225 1011 1271 successores
1040 1213 1069 1272 et
1097 1206 1252 1272 Athalam
1280 1214 1309 1273 et

190 1293 379 1358 Eustasium
409 1298 498 1357 testes
524 1292 623 1358 citare
650 1299 777 1374 poterat
804 1300 897 1374 atque
925 1293 1096 1360 etiamtunc
1129 1295 1309 1376 superstites

147 1404 174 1444 ιο
191 1403 286 1464 ¹‹puarn
309 1380 469 1464 plurimos
496 1401 604 1446 eorum
633 1402 698 1446 esse
727 1381 917 1463 affirmarit,
952 1382 1007 1464 qui
1035 1383 1195 1450 miracula
1223 1386 1311 1466 apud

190 1477 334 1535 sanctum
346 1476 482 1551 patrata
500 1475 529 1534 et
545 1468 699 1534 vidissent
713 1476 742 1535 et
758 1469 823 1552 ipsi
837 1471 1076 1536 enarravissent
1085 1472 1106 1535 1.
1145 1473 1307 1554 Auctores,

191 1581 213 1625 a
247 1559 361 1640 quibus
394 1557 552 1623 miracula
586 1565 755 1639 occeperat,
794 1580 885 1641 saepe
918 1559 1104 1641 nominavit,
1139 1562 1221 1626 velut
1253 1561 1309 1642 qui

197 1646 423 1713 Columbanum
446 1647 482 1711 in
505 1649 660 1712 desertum
690 1647 829 1712 comitati
852 1646 996 1728 piscibus
1025 1649 1190 1730 capiendis
1217 1671 1308 1715 vaca·

190 1743 311 1816 verant,
348 1735 573 1800 Sanicbarium
607 1741 682 1800 tnnc
715 1736 939 1801 adolescentem
972 1737 1076 1802 adbuc
1113 1737 1308 1819 superstitem

148 1844 172 1885 u
191 1831 283 1906 atqcue
298 1824 531 1889 celeberrimum
551 1823 681 1889 Gallum
696 1824 794 1904 illum,
818 1845 949 1905 quocum
964 1825 1084 1890 diutius
1107 1832 1308 1892 conversatus

189 1914 315 1979 videtur
339 1935 404 1977 esse
414 1915 434 1976 2.
485 1911 724 1994 Theudepisilus
753 1911 887 1995 dipitum
916 1912 953 1976 in
980 1916 1121 1979 metendo
1151 1914 1307 1979 abscisum

190 2008 282 2083 atque
304 2000 409 2065 saliva
431 2001 534 2066 sancti
556 2006 705 2065 sonatum
728 2000 758 2064 ei
786 2000 853 2081 ipse
875 2007 1105 2066 monstraverat
1114 2003 1134 2083 ³,
1164 2001 1306 2083 memque

190 2090 286 2156 etiam
318 2091 356 2154 de
387 2097 484 2154 morte
516 2089 648 2154 alteri-ns
682 2088 878 2170 Columbani,
911 2089 967 2171 qui
997 2111 1065 2155 nna
1097 2112 1166 2155 oum
1197 2097 1306 2156 sancto

190 2200 229 2244 erc
252 2178 415 2244 Hibernia
445 2180 625 2257 advenerat,
656 2177 685 2242 ei
714 2177 868 2242 rettulisse
897 2177 1058 2243 videtur4:
1087 2179 1196 2258 fuerat
1221 2179 1306 2244 enim

146 2293 173 2336 so
190 2267 336 2332 minister
351 2267 448 2331 illius.
473 2267 528 2332 Ea
543 2288 623 2348 quae
637 2265 804 2332 Winiocus
812 2267 976 2349 presbyter
989 2266 1113 2332 viderat
1126 2267 1306 2332 miraculo⁵

190 2357 326 2436 fortasse
355 2355 445 2435 silicis
473 2355 575 2437 ipsius
604 2355 784 2419 Bobalenns
813 2356 910 2420 abbas
937 2356 1112 2420 enarravit.
1158 2357 1306 2422 Donatus

190 2444 352 2526 episcopus
380 2443 644 2524 Vesontionensis‚
675 2445 712 2507 de
742 2444 832 2522 cuins
854 2444 977 2526 oripine
999 2451 1029 2510 et
1049 2444 1180 2524 familia
1202 2447 1233 2526 I,
1256 2451 1304 2509 14.

191 2533 318 2614 rettulit,
349 2533 518 2597 etiamtunc
548 2531 740 2597 interrivos
769 2539 847 2596 erat.
894 2533 988 2598 Inter
1009 2540 1152 2598 auctores
1174 2534 1307 2598 alterius

184 2621 302 2703 portis,
333 2642 413 2702 orcae
442 2621 576 2685 maioris
605 2621 751 2685 momenti
774 2628 820 2685 est
841 2628 933 2702 atque
955 2621 1051 2687 etiam
1074 2625 1119 2687 ad
1139 2621 1306 2687 historiam

147 2730 173 2769 ss
188 2709 350 2790 politicam
372 2709 573 2774 scribendam
595 2709 762 2773 materiam
785 2709 892 2774 utilem
911 2709 1014 2790 affert,
1033 2711 1177 2792 primum
1193 2711 1307 2792 procul

190 2798 285 2863 dubio
319 2798 419 2862 locum
448 2798 569 2862 Athala
603 2805 633 2862 et
661 2797 834 2862 Eustasius
867 2805 1027 2880 occucpaut,
1063 2820 1139 2879 quos
1168 2799 1307 2863 Luxovii

190 2887 313 2952 relictos
342 2889 380 2951 de
408 2886 515 2951 causis
541 2885 631 2951 exilii
654 2885 766 2966 optime
787 2886 958 2951 instructos
979 2887 1080 2966 fuisse
1102 2893 1228 2968 oportet.
1273 2888 1309 2952 Ε

191 2975 303 3056 quibus
331 2996 415 3039 unus
443 2974 621 3039 ministerio
650 2974 837 3039 Columbani
866 2974 1035 3039 adiunctus
1064 2975 1179 3055 fuerat,
1215 2976 1304 3055 alter,

190 3063 309 3129 scilicet
329 3063 502 3128 Eustasius
511 3064 531 3143 ⁶,
555 3065 658 3144 ipsum
681 3062 718 3126 in
745 3062 953 3127 Theudeberti
974 3083 1105 3145 repnum
1127 3064 1306 3128 subsecutus

146 3179 173 3218 so
190 3151 381 3217 miraculum
405 3173 504 3233 prope
526 3151 737 3233 Bripantiam
753 3157 920 3231 patratum
941 3151 1068 3228 rettulit,
1100 3150 1212 3215 deinde
1240 3152 1306 3216 vice

191 3241 295 3305 sancti
317 3240 515 3305 Lunaviense
546 3239 772 3305 monasterium
799 3240 983 3321 pubernans
1011 3238 1101 3303 iussu
1127 3238 1306 3304 Oblotharii

191 3329 376 3411 lepationem
398 3329 488 3394 illam
510 3329 653 3411 suscepit,
678 3331 715 3393 de
737 3349 801 3410 qua
819 3327 856 3392 in
874 3328 956 3393 calce
974 3327 1050 3392 libri
1072 3328 1206 3393 relatum
1229 3329 1305 3393 esth

197 3417 304 3483 Comes
332 3424 436 3483 autem
461 3417 589 3482 itineris
617 3417 715 3498 illins,
749 3437 809 3498 quo
837 3415 1048 3482 Oalumbauus
1076 3439 1092 3481 e
1119 3417 1307 3482 Theudorici

190 3527 286 3588 repno
317 3507 559 3588 reportabatur,
590 3505 760 3571 etiamtunc
789 3506 917 3587 depebat
938 3505 1155 3586 Potentinus⁸,
1186 3506 1241 3587 qui
1268 3506 1306 3571 in
1324 3529 1398 3579 uss.

146 3621 173 3662 so
191 3594 325 3660 dioecesi
352 3593 557 3660 Constantios
582 3594 680 3658 'urbis
712 3594 937 3658 monasterium
971 3594 1163 3659 condiderat.
1214 3596 1307 3660 Inter

191 3683 319 3749 clericos
348 3683 494 3749 ecclesiae
516 3682 792 3764 Mapontiocensis
821 3684 922 3747 Ionas
950 3682 1132 3762 fanciliares
1158 3683 1306 3748 habuisse

190 3771 322 3854 videtur,
346 3772 401 3853 qui
423 3771 527 3852 ipsum
551 3774 588 3835 de
610 3771 773 3852 colloquiis
793 3770 962 3836 Lesionis⁹
984 3771 1122 3855 episcopi
1144 3770 1306 3837 certiorem

190 3861 341 3940 facerent.
380 3860 528 3942 Denique
551 3859 644 3924 liberi
665 3859 861 3941 Obapnerici
882 3859 973 3924 illins
992 3859 1200 3924 Tbeudeberti
1221 3859 1306 3941 repis

191 3949 348 4031 convivae,
368 3949 405 4013 in
423 3948 513 4013 cuius
528 3951 617 4013 domo
633 3969 695 4030 per
711 3949 874 4013 Meldense
889 3947 1083 4013 territorium
1097 3947 1306 4031 proficiscens

146 4175 174 4216 eo
192 4160 219 4226 1)
240 4158 282 4222 Of.
299 4159 439 4225 epistulam
456 4158 486 4213 V.
505 4157 660 4209 columbani
672 4159 860 4223 praemissam.
914 4154 1306 4224 2)V.001umo‚1,11:Haeo

192 4228 270 4281 nobis
288 4245 371 4296 supra
388 4227 476 4280 dictus
488 4226 584 4280 Gallus
602 4243 666 4296 sepe
684 4227 813 4282 narravit.
844 4228 931 4279 Lanu
943 4229 973 4278 in
984 4228 1095 4279 editione
1106 4227 1305 4279 Mabillouiana

192 4301 368 4354 desideratur.
432 4302 461 4366 3)
479 4300 508 4354 V.
530 4299 743 4366 obtimum
806 4300 834 4366 4)
855 4298 898 4352 lb.
914 4297 939 4363 I,
954 4300 995 4352 17.
1054 4298 1304 4363 5)1o.1‚1o.17.

193 4369 376 4439 6)1o.1‚27.
449 4370 639 4438 7)1o.1‚30.
712 4371 740 4436 8)
761 4368 901 4433 Io.1,21.
973 4368 1158 4435 s)lo.1,2r.

1060 4473 1095 4527 4*
