2978 4928
399 377 525 466 reuss,
537 397 659 453 viras
678 395 907 452 conunssru
924 397 1033 452 mesu
1051 396 1091 454 11.
1254 400 1304 453 111

295 579 480 661 Scripturoe
502 579 658 662 specimen
680 579 766 644 dedit
788 579 921 644 Loulor
943 581 1005 643 tab.
1030 578 1110 643 VII.

300 669 379 734 Cum
413 668 496 733 idem
529 675 704 750 apparatus
738 668 775 733 in
808 667 944 749 sinpulis
981 667 1073 731 libris
1106 666 1305 732 recensendis

186 758 318 822 minime
343 763 532 838 permaneat
559 778 658 839 neque
687 756 807 822 codices
835 755 932 820 iidem
962 757 1093 820 eandem
1116 776 1180 838 per
1209 762 1305 819 totum

188 868 265 928 opus
286 846 425 911 indolem
445 866 573 910 seruare
589 845 766 926 rideantur,
790 865 930 910 scorsum
948 846 985 909 de
1002 865 1193 925 unaquaque
1209 850 1305 925 parte

155 934 350 1016 sinquirere
384 935 486 999 risum
520 941 576 1016 est,
612 954 692 1016 quae
726 935 811 1000 inter
844 933 964 998 codices
999 932 1175 998 intercedat
1210 932 1304 1012 ratio,

189 1045 285 1105 quoue
308 1023 439 1088 consilio
462 1022 557 1088 editio
579 1023 777 1088 instituenda
799 1023 849 1088 sit.
899 1022 940 1089 Ut
962 1024 1007 1087 ad
1028 1022 1145 1086 librum
1161 1021 1306 1102 priorem

189 1119 398 1192 transeamus,
429 1111 540 1177 classis
563 1112 595 1175 A
618 1119 647 1176 et
667 1112 702 1176 Β
723 1118 759 1177 ut
783 1113 966 1193 plerumque
994 1111 1041 1176 oet
1069 1111 1107 1175 in
1135 1113 1228 1175 rebus
1250 1109 1306 1173 mi-

189 1200 289 1264 nimis
315 1200 401 1265 inter
422 1222 455 1265 se
484 1207 668 1282 conpruunt,
698 1201 746 1265 ita
771 1200 868 1283 praui
896 1200 1061 1265 lectionum
1090 1198 1307 1280 discrepantia

191 1289 279 1352 bared
300 1309 377 1352 raro
399 1288 435 1353 in
459 1291 539 1353 duas
556 1296 668 1371 partes
691 1289 863 1372 discedunt,
892 1309 1053 1369 sermoque
1076 1295 1140 1353 tam
1163 1288 1306 1353 diuersus

148 1376 268 1440 solacis
301 1377 464 1442 nonnullis
497 1377 534 1441 in
567 1384 701 1458 unaque
735 1378 857 1460 lepitur,
898 1384 947 1458 nt,
989 1377 1056 1442 utri
1089 1376 1194 1441 maior
1226 1378 1306 1456 fides
1362 1418 1366 1426 -

192 1467 328 1544 accedat,
352 1486 417 1528 non
439 1465 537 1544 facile
560 1465 765 1530 demetendum
787 1466 838 1531 sit.
884 1466 966 1531 Rem
993 1466 1031 1530 in
1061 1465 1306 1531 controuersiam

192 1552 417 1617 adducentibus
440 1554 530 1617 nobis
559 1553 669 1618 tertius
691 1554 828 1619 occurrit
850 1554 936 1619 testis
958 1555 1186 1636 Fredeparius,
1217 1575 1306 1635 quem

191 1641 365 1705 maximam
383 1663 408 1706 c.
428 1647 567 1705 18—20.
591 1642 628 1707 V.
651 1641 837 1707 Columbani
849 1650 976 1723 partem
993 1643 1030 1708 in
1048 1644 1156 1708 ebron.
1174 1644 1239 1723 IV,
1254 1650 1306 1706 36.

192 1730 347 1810 expilasse
376 1729 495 1794 monui.
548 1729 688 1811 Utraque
717 1737 821 1795 autem
852 1731 964 1796 classis
993 1752 1027 1795 eo
1049 1731 1201 1812 inprimis
1223 1732 1308 1796 inter

147 1841 174 1880 rs
191 1840 223 1883 se
258 1817 374 1897 differt,
409 1819 492 1899 quod
525 1817 699 1883 orationem
732 1818 899 1900 obliquam,
939 1819 1028 1884 cuius
1062 1819 1179 1883 Ionam
1213 1840 1308 1899 quam

191 1906 329 1971 manime
351 1907 525 1972 studiosum
547 1906 647 1986 finisse
670 1906 749 1987 dini,
768 1907 1005 1988 praetermissis
1026 1907 1130 1971 uerbis
1152 1907 1309 1971 sentiendi

192 1997 238 2060 ael
261 1995 450 2060 declarandi
471 1995 504 2058 A
527 1995 671 2077 tradidit,
697 1995 847 2060 admissis
868 1995 920 2074 iis,
944 1995 978 2059 Β
985 2017 995 2058 .·

233 2106 257 2149 c.
276 2091 306 2146 6.
354 2084 477 2168 Coepit
499 2106 625 2149 —rex
654 2105 805 2168 querere,
836 2090 877 2149 ut
900 2086 1149 2160 -resederet,
1174 2117 1217 2128 —
1240 2105 1308 2148 om·

352 2175 410 2237 nia
433 2194 520 2257 quae
544 2174 616 2238 eius
641 2174 801 2238 voluntas
824 2175 1035 2258 poposcisset
1052 2194 1087 2237 se
1106 2177 1308 2258 paraturum

146 2293 175 2331 20
355 2256 439 2344 [esse
463 2263 648 2347 spopondit
672 2263 746 2327 add.
768 2262 811 2343 B,
835 2283 894 2327 om.
918 2257 982 2346 A];

234 2372 259 2415 c.
279 2355 330 2413 19.
354 2351 416 2414 Vir
433 2352 499 2415 Dei
513 2353 708 2435 respondit:
727 2352 774 2415 ‘si
790 2385 832 2394 -
848 2354 992 2429 conaris,
1009 2386 1053 2394 -
1069 2373 1123 2416 me
1139 2351 1214 2415 fore
1233 2373 1254 2414 a
1272 2355 1308 2416 te

354 2443 627 2504 sustentaturum
650 2436 745 2523 [scias
764 2440 838 2505 odd.
857 2439 901 2520 B,
921 2461 980 2503 om.
997 2440 1029 2504 A
1048 2462 1117 2505 cum
1135 2435 1262 2522 meur

235 2549 260 2592 c.
276 2532 331 2592 20.
355 2530 548 2606 hortantur,
573 2533 614 2592 ut
629 2563 673 2573 --
689 2529 898 2606 consuleret;
923 2530 983 2612 qui
1002 2531 1031 2593 si
1046 2550 1125 2594 eum
1141 2529 1310 2593 violenter

354 2638 424 2680 non
454 2618 704 2695 abstraherent,
742 2619 863 2683 mortis
893 2639 950 2682 eos
979 2618 1168 2703 pericolum
1200 2619 1309 2682 incur·

148 2735 176 2775 as
353 2727 428 2770 rere
454 2701 526 2791 [pro
551 2711 645 2770 certo
669 2708 773 2771 sciret
796 2707 870 2770 add.
893 2706 936 2788 B,
961 2727 1020 2770 om.
1040 2705 1072 2768 A
1096 2728 1165 2772 cum
1188 2702 1308 2787 Fredl.

202 2795 305 2858 Verba
333 2793 435 2875 ipitnr
463 2814 544 2874 quae
573 2793 644 2858 dini
672 2794 710 2859 in
739 2793 960 2876 antiquissimo
993 2796 1077 2876 quod
1110 2794 1244 2859 babebat
1272 2796 1309 2858 V.

200 2882 386 2948 Columbani
416 2882 590 2964 enemplari
619 2904 684 2947 non
714 2883 831 2964 teporat
852 2883 1080 2965 Fredeparius,
1110 2903 1204 2963 coque
1233 2903 1311 2947 sane

195 2991 347 3035 consensu
376 2970 472 3036 classi
495 2971 527 3034 A
556 2992 681 3035 summa
709 2971 883 3036 auctoritas
912 2970 1040 3036 accedit.
1085 2971 1121 3034 Β
1149 2970 1311 3035 contrario

195 3059 297 3124 altero
326 3060 439 3124 classis
467 3059 505 3124 in
532 3058 788 3141 interpolationis
817 3059 1026 3140 suspicionem
1055 3058 1141 3123 uenit
1162 3065 1254 3140 atquc
1276 3079 1311 3123 re

147 3175 177 3214 eo
194 3169 271 3213 aera
293 3150 331 3213 de
353 3147 510 3213 orationis
526 3148 676 3229 partibus
698 3148 815 3229 apitnr,
846 3168 926 3229 quas
954 3147 992 3212 in
1021 3148 1142 3212 calamo
1172 3146 1312 3211 auctoris

194 3237 332 3301 laesisse
361 3236 566 3316 manifestum
595 3243 649 3302 est.
697 3236 788 3300 Idem
824 3235 892 3315 sere
921 3237 958 3301 de
987 3235 1150 3320 plerisque
1179 3235 1312 3316 reliquis

195 3325 421 3390 additamentis
443 3325 477 3389 Β
500 3325 666 3390 dicendum
689 3331 751 3390 est:

236 3435 261 3478 c.
279 3421 309 3478 5.
357 3415 394 3478 si
423 3416 618 3498 quempiam
648 3415 703 3478 his
733 3415 848 3478 labere
879 3415 915 3477 in
945 3414 1039 3478 vitiis
1069 3415 1310 3499 repperissent,

357 3497 492 3585 [quibus
516 3505 706 3566 humanum
736 3524 846 3585 genus
869 3504 958 3568 solet
982 3504 1128 3588 astringi
1152 3503 1226 3567 add.
1250 3498 1309 3585 Β];

148 3615 177 3655 ss
236 3612 261 3655 c.
281 3597 331 3654 18.
354 3592 511 3675 reginam
535 3591 635 3656 aulae
662 3588 785 3675 [regiae
809 3592 883 3656 add.
906 3591 949 3673 B,
975 3613 1033 3655 om.
1057 3589 1089 3652 A
1112 3613 1180 3657 cum
1200 3588 1309 3675 Fred]

355 3680 593 3763 praefecisset;
1075 3686 1077 3691 '

236 3789 261 3833 c.
281 3774 332 3832 10.
356 3768 481 3832 Evenit
504 3789 595 3851 ergo,
626 3772 667 3832 ut
692 3770 779 3852 [post
802 3771 876 3833 add.
899 3769 941 3850 B,
967 3791 1025 3833 om.
1049 3770 1081 3833 A
1106 3791 1176 3836 cum
1198 3764 1309 3853 Fredl

335 3858 503 3941 -quadam
526 3857 582 3920 die
607 3890 649 3899 -
672 3858 822 3934 veniret;

236 3967 261 4009 c.
279 3951 331 4009 20.
356 3946 468 4010 caelos
491 3945 632 4028 respicit
657 3939 704 4028 [et
728 3946 777 4010 ait
800 3947 874 4010 odd.
894 3941 955 4029 Bl:
981 3947 1162 4025 ‘Aeterne¹,
1186 3947 1309 4029 inquit,

148 4056 178 4094 ιο
356 4034 544 4112 ‘conditor’3

220 4120 259 4186 *a
278 4127 330 4184 30.
355 4126 525 4200 hortatur,
559 4126 598 4185 ut
621 4124 675 4186 sui
698 4123 826 4187 laboris
859 4117 1023 4206 [praemio
1046 4112 1135 4188 vires
1159 4125 1311 4187 resumat
1330 4145 1408 4194 *aaa

356 4212 430 4275 odd.
454 4206 495 4293 Β]
522 4212 773 4276 meminiseeret
799 4208 873 4295 [que
904 4213 977 4276 odd.
1001 4207 1056 4295 Bl,
1082 4212 1309 4287 -erudiret,

356 4333 400 4342 —
416 4301 585 4364 adunaret
601 4333 654 4377 -,
672 4302 833 4365 edocaret
851 4295 997 4383 [erudire
1015 4335 1067 4377 —,
1088 4301 1239 4363 adunare
1256 4333 1308 4375 —,

357 4389 503 4452 educare
526 4383 583 4472 Bt.
