2978 4928
395 419 520 488 10NAS,
534 417 655 474 VITAE
674 417 902 472 COLUMBANI
920 418 1028 473 LIBRI
1046 420 1086 476 Π.
1248 425 1299 478 141

292 604 377 667 Tem.
402 603 456 667 VI
475 596 594 683 (1575),
619 622 655 681 p·
673 605 865 681 484-505,
893 601 929 665 V.
960 601 1147 667 Columbaui
1176 602 1300 687 ‘stylum

180 691 217 756 iu
237 692 380 774 aratiam
403 690 526 756 lectoris
541 688 690 754 uouuibil
705 688 843 769 eupolire
859 696 990 755 comatus
1005 692 1067 772 est',
1092 693 1147 756 sed
1161 692 1300 758 auctoris

180 780 346 862 epistulam
370 779 463 844 ί551551
484 785 606 843 mutata
622 776 750 858 pbrasi'
766 799 782 841 e
798 777 900 843 codice
922 782 1058 860 quodam
1073 781 1151 846 Alc
1174 781 1298 847 adiecit.

182 869 324 934 Ueterum
359 869 623 954 Ohagnoaldum
658 867 689 948 Ι,
714 871 766 929 27.
796 866 926 948 primus
959 868 1104 951 restituit,
1140 870 1230 935 cuius
1263 871 1300 935 iu

141 977 157 1016 s
180 959 280 1023 locum
302 959 551 1043 Magnosldum
580 955 682 1021 editor
702 954 858 1020 Bcdauus
881 956 1085 1022 substituerat
1106 979 1160 1040 ope
1183 958 1300 1024 codicis

179 1046 362 1128 iuterpolati
385 1047 418 1110 A
433 1044 509 1110 la*⁴.

291 1136 376 1199 Tam.
395 1135 443 1199 ΙΙ
462 1131 582 1219 (1571),
600 1155 636 1215 p.
654 1138 810 1197 92-95.
831 1132 923 1198 ‘Vita
948 1135 981 1198 S.
1005 1134 1135 1200 Atlalae
1164 1136 1297 1218 abbatis,

179 1223 265 1289 edita
284 1225 323 1287 ab
339 1225 425 1288 Ioua
441 1224 531 1288 Scato
549 1222 659 1287 abbate
678 1221 804 1303 eiusque
827 1222 1000 1304 disa'puld,
1025 1223 1182 1290 codicibus
1200 1225 1282 1290 uull'

179 1312 341 1394 adhibitis,
366 1333 404 1377 55
427 1311 562 1378 editione
579 1310 720 1375 Bedaua
738 1312 783 1375 ad
803 1311 930 1375 uerbum
952 1311 1070 1377 iterata
1092 1319 1145 1395 cst,
1170 1335 1299 1395 cumque

134 1421 161 1460 ιο
179 1402 264 1466 15553
287 1401 377 1466 55553
394 1422 493 1483 supra
508 1399 640 1465 memiui
654 1399 700 1463 ibi
715 1398 918 1482 desideretur,
943 1407 1101 1466 auctorem
1116 1423 1180 1484 pro
1197 1404 1298 1468 Scotto

70 1509 72 1514 ·
178 1489 293 1555 bebere
309 1497 437 1571 poterat
458 1489 624 1571 expilator.

287 1580 341 1643 Ib.
366 1602 402 1661 p.
426 1584 618 1642 sur—428.
651 1576 743 1642 ‘Vita
778 1578 811 1641 S.
836 1577 1007 1642 Eustachii
1041 1579 1165 1644 abbatis
1194 1582 1298 1645 15555

178 1667 306 1749 eleusis,
337 1689 426 1749 quem
454 1667 515 1732 alii
537 1665 727 1730 Eustasium
748 1667 880 1748 cocaut’,
912 1668 951 1731 ab
981 1667 1099 1732 editore
1127 1690 1213 1734 more
1241 1692 1298 1735 suo

180 1756 345 1839 ‘plerisque
369 1756 444 1821 locis
466 1755 502 1819 iu
530 1754 672 1837 pralium
695 1754 828 1818 lectoris'
850 1754 898 1819 ita
928 1762 1110 1839 retractata,
1140 1765 1176 1822 ut
1203 1759 1298 1824 iuter-

134 1865 160 1905 16
172 1845 311 1927 prelatio
334 1864 573 1925 uouuumquam
603 1865 672 1908 cum
700 1842 803 1908 uerbis
826 1843 964 1909 auctoris
987 1845 1156 1911 couiuueta
1178 1847 1250 1929 sit1,
1282 1869 1298 1913 e

179 1934 282 1999 codice
304 1934 404 1998 simili
427 1935 459 1998 A
475 1941 509 1997 lc
525 1934 651 2015 pendet,
682 1952 781 2013 quare
803 1932 897 1997 etiam
915 1933 1080 2014 praefatio
1106 1934 1298 2017 iuterpolata

178 2025 275 2105 adest,
299 2029 329 2087 et
349 2023 485 2102 fortasse
508 2042 546 2085 55
569 2022 677 2085 altero.

289 2113 375 2176 Tem.
398 2112 460 2176 IV
485 2106 604 2194 (1573),
629 2131 664 2190 p.
691 2114 881 2190 752-756,
913 2110 948 2174 V.
973 2110 1114 2192 Bertulli
1143 2112 1214 2177 licet
1243 2115 1296 2178 ad·

178 2202 303 2264 modum
325 2206 498 2265 retractata
520 2199 571 2280 sit,
603 2205 707 2262 tameu
734 2198 839 2263 adbuc
861 2199 1004 2281 perspici
1026 2206 1136 2282 potest,
1165 2208 1297 2282 praeter

128 2310 160 2350 so
178 2288 343 2354 editiouem
365 2288 536 2353 Bedauam
565 2287 661 2352 etiam
690 2287 825 2352 codicem
851 2287 942 2351 illum
964 2288 1112 2367 familiae
1134 2290 1168 2354 A
1182 2292 1219 2355 lb
1243 2292 1297 2355 ad·

178 2377 311 2443 bibitum
334 2399 408 2442 esse.

284 2467 521 2531 Desiderautur
542 2464 642 2547 ipitur
663 2463 821 2530 miracula
844 2464 1086 2547 Eooriaceusia,
1110 2488 1190 2548 quae
1211 2467 1296 2534 citae

177 2554 308 2636 speciem
330 2555 462 2620 miuime
478 2575 562 2636 prae
584 2576 616 2619 se
639 2554 757 2634 seruat,
782 2573 973 2634 quamquam
995 2561 1024 2619 el
1046 2555 1127 2637 ipsis
1149 2556 1185 2619 V.
1210 2557 1295 2621 Bur·

176 2644 379 2725 puadosarae
412 2665 525 2708 uomeu
552 2649 664 2725 postea
697 2641 835 2706 iudilum
869 2649 923 2707 est.
975 2645 1068 2710 Haec
1102 2645 1225 2709 demum
1258 2646 1296 2710 55

129 2753 160 2793 m
178 2732 313 2798 editioue
329 2733 506 2815 posteriore
528 2731 717 2797 collectiouis
740 2730 903 2796 Suriauae
926 2727 1036 2817 (1618)
1055 2734 1120 2815 IV,
1138 2739 1292 2817 45-48,

178 2842 216 2886 eu
238 2820 377 2886 Bedaua
400 2822 540 2903 suppleta
563 2827 646 2885 suut.

291 2910 476 2976 Viuceutius
498 2908 709 2990 Barralis,
740 2908 955 2991 Cbrouolopia
976 2917 1156 2975 sauctorum
1186 2918 1215 2975 et
1236 2911 1294 2976 ali-

177 3020 267 3063 orum
282 2999 424 3064 uirorum
438 2998 612 3064 illustrium
627 3019 665 3064 ac
677 2999 823 3062 abbatum
835 3019 946 3063 sacrae
957 2998 1083 3064 iusulac
1094 2999 1292 3081 Leriueusis,

177 3087 331 3169 Lupduui
357 3094 450 3169 1613,

128 3199 159 3238 so
222 3177 274 3257 ΙΙ,
292 3199 328 3258 p.
347 3181 516 3256 83-110,
540 3176 577 3240 V.
607 3174 802 3253 Columbaui,

222 3266 306 3347 Lp.
325 3270 487 3345 355-151,
512 3265 548 3328 V.
573 3265 722 3345 Aetolae,

177 3375 244 3419 uua
267 3376 337 3419 cum
360 3353 445 3419 uotis
466 3353 700 3435 marpiualibus
719 3375 756 3417 55
779 3353 914 3418 editioue
931 3353 1076 3419 Suriaua
1094 3354 1293 3437 deprompsit.

291 3444 431 3507 Tbomas
454 3443 500 3506 M
503 3441 796 3523 assimulamus,
820 3441 1035 3524 Florilepium
1058 3442 1184 3508 iusulae
1206 3466 1295 3511 sauc-

178 3539 280 3598 torum
304 3554 358 3597 seu
379 3532 462 3596 uitae
485 3538 515 3596 et
536 3537 607 3595 acta
630 3537 810 3596 sauctorum
825 3530 1013 3613 Hiberuiae,
1038 3532 1181 3597 Parisiis
1199 3540 1293 3616 1624,

128 3641 160 3681 ss
171 3643 206 3703 p.
234 3626 433 3701 uls—239,
465 3620 501 3684 V.
531 3620 719 3685 Columbaui
746 3641 785 3684 eu
813 3620 1003 3684 editioribus
1030 3620 1198 3702 prioribus
1228 3623 1295 3687 *lre-
1313 3645 1389 3695 ruso.

177 3713 316 3775 raudam
346 3707 479 3789 curauit,
510 3710 588 3773 bouo
616 3707 736 3773 iudicio
765 3715 882 3773 tectum
903 3709 1075 3774 Bedauum
1104 3717 1296 3792 autepoueus

177 3821 275 3880 meque
298 3800 342 3863 ad
366 3797 497 3862 Suri-um
520 3817 688 3862 recurreus
711 3797 777 3861 uisi
799 3797 836 3861 iu
858 3797 993 3880 epistula
1011 3798 1159 3882 praeuia.

285 3885 425 3952 Patricii
459 3885 669 3966 Flemiupi
702 3885 843 3950 Hiberui
883 3885 1078 3952 Colleelauea
1111 3908 1207 3952 sacra
1240 3910 1295 3953 seu

179 3977 213 4041 S.
236 3975 423 4041 Columbaui
438 3973 580 4039 Hiberui
595 3974 718 4038 abbatis
733 3994 855 4039 uecuou
871 3974 1007 4039 aliorum
1026 3976 1147 4057 aliquot
1164 3998 1180 4040 e
1197 3977 1295 4041 ceteri

127 4085 160 4124 m
177 4065 293 4130 ibidem
317 4064 425 4130 Scotia
453 4085 508 4128 seu
531 4062 694 4127 Hiberuia
723 4062 927 4144 autiauorum
956 4071 1136 4129 sauctorum
1165 4072 1237 4129 acta
1266 4072 1295 4129 et

178 4154 342 4237 opuscula,
377 4174 440 4235 per
481 4153 637 4216 Tbomam
675 4150 822 4216 Siriuum
859 4151 897 4216 iu
933 4152 1131 4217 Locauieusi
1168 4154 1294 4236 callepio

179 4329 206 4395 1)
226 4327 266 4392 Cf.
285 4329 325 4394 ΙΙ,
339 4331 384 4383 10:
404 4327 574 4379 misticorum
591 4324 801 4393 praeconiorum
819 4322 993 4392 documenta]
1015 4324 1166 4392 scripturae
1184 4325 1293 4379 divinae

175 4397 315 4467 mysteria,
328 4399 393 4466 sive,
410 4403 441 4450 ut
454 4397 552 4451 author
564 4396 692 4464 loquitur,
708 4394 886 4463 mysticorum
897 4395 1106 4462 praeconiorum
1119 4395 1291 4453 documenta.
