2978 4928
188 332 224 387 56
401 327 526 401 Imus,
539 326 660 381 VITAE
678 325 907 382 OOLUMBANI
924 325 1034 400 LIBRI
1051 325 1091 381 11.

187 510 339 592 scriptore
362 508 614 591 deprebenderis.
660 508 751 573 Liuii
774 508 961 573 sententiam
990 530 1007 573 e
1035 507 1117 572 libro
1145 509 1306 590 deperdito

189 599 401 680 deproruptam
424 597 459 663 in
482 598 518 663 V.
544 596 682 663 Uolumb.
702 597 769 678 I,3
793 596 910 677 citauit,
936 595 1066 678 bellique
1090 597 1210 662 Punici
1232 598 1305 663 alte·

187 687 258 752 rius
279 685 520 769 descriptionem
541 688 582 751 ab
599 686 669 768 ipso
688 688 797 751 metam
816 706 880 750 esse
898 685 1045 750 uidimus.
1084 686 1178 750 Inter
1194 693 1306 767 poetas

185 775 339 857 inprimis
361 773 536 857 Verpilium
560 774 692 839 coluisse
713 773 847 854 uidetur,
879 773 968 838 ouius
997 780 1027 838 et
1052 774 1153 839 locum
1175 774 1305 840 citauit¹

185 870 216 929 et
233 864 327 928 dictis
349 863 514 928 nonnullis
536 884 613 927 usus
631 869 677 927 est
693 864 738 928 ad
754 883 927 927 sermonem
944 883 1037 927 suum
1053 865 1272 928 exornandum
1282 866 1302 927 ².
1323 884 1336 924 s

187 953 242 1017 Ex
250 952 384 1018 quenci
399 951 572 1033 eoanpeliis
585 972 710 1016 uersum
725 973 825 1016 unum
839 950 877 1015 in
891 951 927 1015 V.
941 949 1078 1017 Oolumb.
1090 952 1120 1032 I,
1134 957 1171 1015 14
1187 952 1303 1017 attulit.

293 1060 369 1140 Ipse
386 1078 506 1139 quoqne
522 1057 626 1138 poetis
643 1058 903 1123 adnumerandus
920 1063 974 1121 est.
1015 1059 1103 1121 Nam
1121 1078 1187 1122 non
1204 1058 1304 1122 solnm

186 1147 284 1212 oitam
308 1146 441 1228 patroni
470 1169 491 1211 a
520 1145 661 1210 uersibus
687 1166 817 1211 exorsus
839 1151 892 1225 est,
922 1145 1094 1211 sedetiam
1122 1167 1231 1211 uersus
1253 1147 1305 1212 die

186 1236 254 1300 eius
276 1236 356 1315 festo
379 1236 423 1300 ad
443 1255 585 1299 mensam
604 1235 782 1299 canendos³
800 1233 881 1298 libro
897 1234 1006 1316 priori
1029 1234 1167 1314 subiecit,
1191 1234 1305 1316 quibus

187 1325 360 1406 lapmnum4
382 1323 418 1387 in
436 1323 505 1389 eius
523 1323 663 1387 transitu
681 1324 857 1388 canendum
875 1321 1023 1403 subdidit,
1047 1322 1179 1387 uirtutes
1199 1323 1304 1388 sancti
1322 1345 1350 1386 ιο

187 1412 356 1478 celebrans.
399 1411 479 1476 Tria
503 1411 734 1492 carminaque
757 1417 826 1476 arte
848 1411 996 1491 quibusve
1019 1411 1199 1493 praeceptis
1221 1412 1304 1476 ordi·

187 1506 265 1565 nata
299 1500 373 1582 sint,
408 1521 456 1564 me
482 1505 607 1581 petente
636 1499 840 1580 examinavit,
874 1499 930 1580 aui
957 1521 1017 1564 sua
1046 1499 1128 1564 artis
1156 1500 1304 1566 metricae

179 1588 303 1671 peritia
318 1609 411 1672 saepe
426 1588 506 1652 mibi
521 1587 712 1654 amicissime
727 1595 936 1669 succurrerat,
957 1587 1148 1653 lardomicus
1167 1589 1302 1655 Traube.

187 1677 334 1742 Primam
366 1676 509 1742 ausibus
538 1676 739 1758 compositum
768 1683 821 1758 est,
851 1676 907 1758 qui
936 1676 1008 1741 licet
1036 1677 1209 1742 hexametri
1237 1699 1303 1743 esse

186 1766 363 1847 rideantur,
394 1772 498 1830 tamen
527 1765 621 1830 metri
649 1765 768 1849 lapibus
789 1764 921 1830 minime
943 1772 1140 1846 coercentur,
1168 1766 1303 1831 alterum
1321 1786 1349 1828 ιι

186 1876 224 1919 ex
247 1854 471 1938 beptaspllabis
492 1853 648 1920 trochaice
670 1853 894 1933 desinentibus,
925 1874 1058 1934 qnormn
1085 1855 1185 1919 mcum
1206 1854 1303 1919 etiam

88 1965 124 2018 ⁸2.
133 1967 168 2010 ss.
184 1943 382 2027 bexaspllabi
398 1944 574 2026 *occupant
591 1942 717 2008 tertium
728 1964 767 2008 ex
778 1941 975 2025 octosyllabis
989 1942 1136 2008 iambicis
1150 1949 1271 2008 constat
1280 1945 1301 2024 ⁵,

184 2053 265 2114 anae
293 2039 393 2098 metra
422 2032 575 2114 inprimis
603 2055 625 2096 a
656 2032 770 2098 Scottis
799 2031 988 2096 colebantur.
1041 2031 1132 2098 Unde
1161 2031 1303 2098 dubitari

185 2121 264 2201 licet,
288 2121 367 2203 quin
389 2123 434 2186 ad
455 2122 572 2185 Ianam
596 2127 738 2185 nostrum
761 2122 908 2186 carmina
930 2120 1001 2185 iure
1024 2120 1219 2199 referantur.
1257 2121 1304 2185 Et

178 2209 323 2291 prinmm
345 2210 383 2274 de
404 2209 514 2274 insula
537 2208 700 2273 Hibernia
728 2229 763 2273 re
789 2229 865 2273 uera
887 2208 973 2273 alius
995 2208 1135 2274 auctoris
1157 2230 1222 2273 csse
1245 2210 1303 2274 clo·
1321 2236 1348 2276 ao

185 2297 398 2378 cutionemque
427 2298 591 2362 obscuram
620 2296 815 2377 nimiumque
841 2304 1013 2363 contortam
1037 2296 1170 2363 Scottico
1192 2297 1303 2379 potius

181 2391 291 2466 poetae
313 2384 441 2449 cuidam
463 2384 661 2449 tribuendam
686 2405 751 2450 esse
780 2391 810 2449 et
840 2385 921 2450 mibi
943 2407 1135 2468 persuasum
1163 2392 1217 2467 est,
1247 2389 1304 2452 sed

185 2473 221 2538 in
244 2473 345 2554 capite
368 2473 405 2537 V.
430 2472 661 2538 Columbaria
683 2472 853 2555 biapraplm
875 2473 945 2556 ipso
970 2475 1053 2540 illud
1074 2474 1214 2556 positum
1237 2496 1303 2541 esse

184 2561 367 2642 existimem,
398 2560 454 2642 qui
481 2562 560 2625 duos
590 2582 699 2626 oersus
721 2568 874 2627 extremos
895 2564 1016 2627 addens
1038 2565 1083 2628 ad
1103 2563 1302 2645 propositum

184 2671 276 2714 suum
298 2649 439 2715 transiit.
479 2650 550 2714 Hos
572 2649 657 2715 enim
679 2672 700 2714 a
722 2649 855 2731 reliquis
872 2651 962 2733 lonpe
979 2650 1099 2717 distare
1116 2653 1157 2716 L.
1177 2653 1302 2718 Traube
1320 2679 1347 2720 n

184 2745 265 2804 reete
286 2738 444 2804 monuisse
466 2737 547 2802 mibi
569 2738 702 2804 uidetur.
748 2739 894 2804 Alterum
922 2746 1025 2805 autem
1053 2761 1180 2806 carmen
1210 2747 1301 2806 tanta

184 2826 338 2893 sermonis
366 2827 531 2908 affinitate
561 2849 630 2894 cnm
660 2826 735 2894 Vita
763 2826 951 2893 Columbani
985 2834 1014 2894 et
1046 2828 1198 2910 inprimis
1231 2851 1302 2893 eum

183 2916 317 3000 epistula
333 2916 462 3000 prolopi
485 2917 550 2983 loco
567 2915 749 2999 praemissa
772 2917 931 2983 cobaeret:

348 3024 486 3091 Carmen
501 3025 555 3089 II.
814 3025 915 3088 Ionae
934 3023 970 3087 V.
993 3023 1180 3089 Columbani
1197 3024 1260 3108 Ep.

182 3137 211 3180 u.
230 3122 259 3179 l.
295 3116 388 3180 eluas
771 3113 891 3177 cluant
1321 3140 1348 3182 m

183 3225 211 3267 a.
230 3209 283 3266 21.
318 3204 501 3287 palmaque
524 3223 627 3286 poma
770 3223 873 3286 poma
895 3201 1088 3285 palmarum
1211 3205 1213 3210 '

183 3313 211 3357 o.
229 3297 281 3354 24.
317 3291 471 3355 balsama
494 3291 597 3355 sudas
618 3291 715 3373 virga
771 3290 860 3354 dites
884 3289 1030 3354 balsami
1059 3291 1235 3356 lacrimam
1260 3313 1301 3358 ex

229 3380 398 3462 Engaddi‚
815 3379 985 3463 Engaddi,
1066 3456 1069 3462 Ι

186 3572 212 3638 1)
241 3571 316 3635 Verp.
336 3570 427 3637 Eolap.
447 3571 471 3636 I,
491 3572 534 3625 80.
560 3571 591 3621 in
613 3570 644 3624 V.
663 3570 779 3625 Columb.
805 3571 918 3638 epistula
939 3574 1063 3638 maevio.
1171 3576 1199 3641 2)
1223 3574 1300 3639 Vera.

186 3642 282 3707 Georp.
299 3641 341 3707 ΙΙ,
356 3644 407 3696 117
433 3642 528 3706 (Ionae
553 3656 660 3694 cannen
682 3642 705 3696 Ι.
727 3649 788 3709 post
804 3643 836 3697 V.
856 3643 1001 3710 Odumb.);
1024 3645 1091 3698 Aen.
1109 3645 1129 3696 I
1133 3645 1163 3709 V,
1178 3647 1231 3700 584
1249 3647 1266 3710 (
1270 3645 1300 3700 V.
1320 3658 1346 3698 so

186 3712 301 3766 Oolmub.
319 3712 361 3779 II,
374 3715 414 3778 2),
432 3712 501 3778 XII,
513 3714 567 3768 823
584 3712 630 3780 (a.
650 3713 689 3779 II,
702 3714 738 3781 b).
792 3714 821 3781 3)
837 3714 872 3766 In
890 3715 975 3767 codice
990 3714 1164 3768 Rruxdleusi
1180 3732 1209 3768 n.
1221 3717 1301 3780 7460,

183 3799 249 3838 saec.
268 3783 353 3850 XIII,
379 3785 417 3836 ad
441 3800 516 3852 quem
534 3784 721 3850 Ballaudi'am',
746 3784 890 3851 Catompus
907 3785 1031 3842 Brucdl.
1050 3787 1074 3854 I,
1095 3789 1120 3852 2,
1141 3803 1171 3854 p.
1192 3789 1235 3854 12,
1259 3803 1301 3840 eos

184 3854 332 3921 ammam,
351 3855 446 3907 tauma
462 3856 555 3918 ferunt
568 3871 672 3922 parum
688 3861 905 3908 consentaneum:
923 3854 997 3909 Laus
1008 3856 1095 3910 sancti
1108 3855 1183 3910 Galli
1194 3856 1301 3911 abbatis

184 3925 213 3978 in
230 3924 343 3978 beatum
359 3923 560 3979 Oolumbanum
578 3925 712 3982 rithmica.
744 3929 785 3992 Cf.
803 3927 947 3992 Clnuati‘er,
966 3928 1031 3996 lap.
1047 3929 1162 3994 hymnal.
1181 3945 1208 3984 u.
1221 3932 1299 3985 3335.

183 3997 212 4063 4)
234 3995 373 4061 Hpmnnm
391 4013 404 4048 e
421 3998 505 4049 codne
520 3997 688 4050 Einsr'dlensi
704 4015 730 4053 n.
743 4001 796 4054 257
815 3998 902 4063 (uobis
913 4000 939 4050 A
950 4000 1013 4066 lor)
1031 3999 1113 4052 ulidr't
1125 4001 1158 4055 F.
1171 3999 1200 4054 J.
1214 4000 1300 4067 Moru,
1318 4015 1347 4055 ιο

185 4066 362 4119 ‘Lateinisclu
379 4066 505 4133 Hpmnen
522 4069 567 4119 dea
584 4069 761 4120 Mittelaltera'
774 4069 829 4137 III,
844 4087 874 4136 p.
887 4072 949 4136 256,
967 4073 1016 4137 qut
1026 4077 1133 4138 poetam
1152 4072 1300 4124 Scottorum

183 4138 258 4205 penti
275 4137 407 4192 attribuit.
438 4138 478 4203 Gt.
499 4138 638 4190 meatur
655 4139 672 4193 l.
692 4140 708 4193 l.
727 4155 754 4194 u.
769 4143 864 4196 12299.
973 4142 1000 4208 5)
1026 4139 1125 4208 Meyer,
1145 4142 1250 4194 ‘Ludus
1269 4143 1301 4194 de

184 4207 352 4260 ansanum
363 4210 419 4260 und
430 4209 496 4260 uber
508 4209 555 4260 lat.
567 4208 708 4275 Rptbmen’
721 4210 797 4275 (‘SB.
810 4212 858 4262 der
869 4212 959 4276 baper.
972 4211 1061 4267 abac.
1074 4212 1122 4264 der
1134 4212 1299 4280 Wramsm,

180 4278 487 4345 philos-pbilalopisabe
506 4279 604 4332 masse
621 4282 700 4344 1882,
717 4298 747 4347 p.
761 4283 802 4336 95.
823 4285 879 4344 97).
