2978 4928
433 485 558 554 10NAS,
571 485 667 540 VITA
684 484 874 541 IOHANNIS
893 485 1068 544 ABBATIS.
1255 490 1309 544 325

194 667 392 750 deprompsit,
427 669 560 732 alteram
594 673 706 749 antem,
748 688 843 749 quam
877 666 954 749 ‘post
987 690 1089 732 annos
1123 667 1252 749 aliquot
1287 691 1308 733 a

194 758 326 822 Bettoue
348 756 491 840 episcopo
514 755 711 839 Linponensi
735 778 813 821 3000.
838 757 940 820 VIII.
958 777 1004 821 eoo.
1029 757 1148 836 factam
1171 779 1236 822 0330
1259 759 1308 838 af-

194 845 344 926 firmavit,
369 845 438 929 ipse
460 844 577 910 adiecit
598 867 668 910 cum
690 844 856 909 miraculis
878 845 1051 926 nonnullis,
1076 867 1172 928 eaque
1193 853 1309 930 postea

194 935 379 999 continuata
413 940 487 998 suut
523 954 620 1015 usque
658 937 702 999 ad
737 933 862 998 tertiam
896 933 1137 999 translationem
1174 941 1308 1016 tempore

157 1025 478 1103 sNortmannorum,
509 1022 628 1087 scilicet
654 1045 684 1087 a.
708 1028 781 1103 888,
812 1023 941 1102 factam.
994 1022 1180 1104 Compilatio
1209 1023 1309 1106 ipitur

200 1112 228 1178 0
240 1111 350 1193 priori
372 1133 452 1177 saec.
472 1111 541 1175 IX.
559 1111 652 1193 parti
674 1110 876 1176 attribuenda
898 1111 1022 1176 ridetur
1045 1133 1118 1176 0330.

216 1307 290 1373 Μ
308 1219 480 1371 Utramque
503 1215 607 1282 Vitam
630 1221 674 1282 ad
694 1219 916 1283 recensendam
940 1223 1055 1282 tentum
1078 1217 1309 1301 primipenium

194 1331 214 1373 a
258 1329 336 1388 cur,
360 1329 376 1372 0

299 1413 342 1490 B,
366 1433 461 1494 quam
484 1419 659 1478 coartatam
678 1412 828 1478 807703
851 1407 961 1496 (1581)
985 1413 1065 1494 VII,
1084 1435 1119 1493 p.
1138 1419 1212 1477 708.
1233 1418 1308 1494 709,
1411 1457 1413 1461 ⁴

150 1525 176 1565 ιο
193 1509 222 1567 07
244 1523 283 1567 eu
304 1502 375 1585 ipso
393 1502 600 1566 Barralis
618 1496 738 1586 (1613),
759 1523 792 1582 p.
810 1507 1000 1581 367-369,
1024 1502 1181 1584 iutepram
1205 1507 1309 1567 autem

193 1592 240 1655 Μ
243 1590 401 1656 chillou
423 1585 534 1674 (1668)
559 1591 647 1655 8000.
667 1591 697 1671 Ι,
715 1613 751 1672 p.
770 1596 967 1671 633-636,
992 1590 1099 1671 edidit,
1123 1597 1152 1654 et

305 1712 338 1795 O,
358 1734 453 1795 quam
473 1735 494 1777 a
515 1713 701 1795 Rooerio,
725 1713 893 1794 Reomans,
918 1713 1061 1778 Parisiis
1079 1720 1172 1795 1637,
1190 1737 1225 1796 p.
1246 1721 1309 1779 1-

194 1810 246 1868 23.
266 1810 317 1867 70.
336 1810 386 1879 73,
411 1809 440 1866 07
456 1802 673 1884 Bollando,
699 1803 837 1867 Ianuar.
859 1803 910 1882 ΙΙ,
929 1825 964 1884 p.
983 1809 1168 1885 856-863,
1192 1803 1308 1868 editam

193 1915 263 1958 cum
286 1891 388 1957 codice
411 1891 610 1955 Mettensi
632 1896 756 1972 0195,
781 1912 861 1955 3000.
886 1890 946 1955 XI
953 1892 973 1972 1,
998 1891 1124 1956 contuli.

149 2042 175 2080 a
300 2015 446 2096 Denique
483 2016 519 2080 V.
555 2014 743 2080 Treoerii
778 2013 869 2095 (ΑΛ.
902 2015 962 2080 88.
994 2017 1070 2080 Ian.
1096 2016 1147 2096 II,
1176 2038 1212 2097 p.
1238 2015 1306 2097 33),

152 2156 154 2160 .
193 2105 283 2170 cuius
312 2111 422 2169 arcator
444 2105 546 2169 Ionae
575 2104 691 2168 librum
725 2104 795 2168 dolo
828 2104 911 2169 malo
945 2104 1107 2188 eapilaoit,
1143 2125 1208 2168 non
1239 2105 1309 2169 3700

194 2196 272 2259 hono
294 2194 402 2273 fructu
424 2192 472 2257 uti
495 2192 593 2258 licuit.

300 2301 427 2363 Horam
449 2298 663 2364 subsidiorum
686 2320 742 2382 ope
765 2298 807 2363 iis
830 2298 915 2381 70073,
939 2299 995 2380 qui
1018 2300 1115 2365 altero
1135 2299 1238 2365 codiee
1260 2301 1308 2364 de-

193 2388 317 2468 ficiente
339 2387 399 2453 soli
427 2387 464 2452 in
494 2388 592 2452 allero
622 2388 776 2470 lepuntur,
812 2387 921 2453 *oerha
951 2409 1056 2453 errore
1080 2388 1309 2470 praetermissa
1327 2419 1419 2469 aas,

148 2503 176 2542 20
193 2499 258 2543 non
281 2477 374 2542 semel
391 2477 534 2558 supplere
553 2476 651 2558 potui,
676 2497 756 2558 qnae
773 2476 903 2542 uncinis
919 2476 942 2560 [
952 2475 975 2558 ]
990 2477 1107 2542 inclusi
1113 2499 1126 2560 ,·
1149 2500 1187 2543 ea
1205 2483 1309 2543 antem

194 2588 274 2649 quae
303 2565 464 2646 scriptura
493 2564 608 2630 codicis
636 2565 700 2629 Al
733 2572 931 2631 evanescente
960 2587 999 2631 en
1026 2566 1060 2632 O
1087 2573 1210 2632 tantam
1238 2566 1309 2631 erni

188 2661 347 2738 poterant,
378 2653 530 2735 inprimis
552 2654 590 2719 in
613 2654 819 2736 praefatione
842 2655 1058 2737 laterculoque,
1088 2655 1126 2719 in
1148 2677 1208 2736 quo
1232 2677 1308 2720 com-

189 2745 288 2826 plura
305 2742 444 2824 posteris
465 2742 660 2809 restituenda
678 2743 859 2809 etiamnunc
877 2750 1007 2825 restant,
1030 2743 1078 2808 ita
1096 2743 1230 2810 distinni
1254 2743 1271 2784 s
1286 2742 1307 2807 ⁷.

309 2866 415 2932 Vitam
445 2866 606 2932 Iohannis
628 2866 866 2949 primipeuiam,
897 2867 1077 2932 eaaminato
1107 2867 1210 2933 codice
1232 2868 1265 2932 A
1281 2875 1308 2949 1,

149 2980 176 3021 ss
195 2958 237 3021 F.
257 2957 407 3036 Stdher,
440 2953 523 3020 ‘Zur
546 2955 659 3019 Kritih
688 2957 745 3020 der
770 2956 806 3020 V.
827 2957 860 3020 8.
880 2956 1040 3021 Iohannis
1063 2956 1307 3037 Reomaeusis'i,

196 3047 297 3109 Ionae
320 3043 413 3109 certis
436 3043 631 3124 arpnmeutis
653 3043 859 3125 adiudicaoit,
883 3051 975 3124 atque
998 3065 1061 3126 qua
1082 3044 1310 3109 necessitudine

195 3156 264 3199 cum
288 3131 477 3197 editionibus
500 3131 683 3196 recentioris
706 3131 776 3196 0007
805 3153 843 3197 00
873 3132 1046 3214 cohaereat,
1079 3133 1206 3197 omnino
1229 3139 1310 3198 recte

195 3221 357 3304 euposuit,·
394 3219 496 3285 codice
534 3227 638 3285 antem
674 3219 854 3301 imperfecto
891 3241 983 3302 0303,
1023 3242 1121 3303 neque
1157 3227 1310 3302 quantum

196 3310 364 3376 historiam
386 3309 660 3390 perscrutantibus
688 3308 748 3374 illa
773 3309 927 3390 proficiat
956 3309 1105 3375 dioinare
1127 3329 1225 3390 neque
1248 3309 1310 3374 edi-

152 3400 310 3465 sotionem
333 3397 477 3464 criticam
500 3418 624 3480 parare
648 3404 783 3480 poterat.
830 3397 992 3463 Incidenti
1015 3398 1095 3463 mihi
1116 3398 1153 3463 in
1176 3398 1310 3463 codicem

196 3489 227 3552 A
241 3496 260 3552 2
277 3495 441 3568 utrumque
459 3507 612 3568 reparare
627 3485 773 3551 successit
788 3487 950 3568 desectum,
975 3487 1201 3568 editionemque
1215 3508 1311 3568 0000

190 3576 312 3658 paravi
336 3575 516 3656 principem
546 3582 646 3640 tentus
668 3575 700 3638 A
728 3575 808 3640 actis
840 3575 979 3640 instituti
1008 3576 1176 3641 Austriaci
1207 3571 1311 3654 (‘Mit-

196 3665 376 3746 theilnnpeu
399 3665 429 3728 d.
449 3663 598 3729 Instituts
619 3664 645 3743 f.
669 3664 922 3729 deterreichisehe
949 3664 1310 3748 Gesehichtsforschnnp'

199 3755 300 3835 XIV,
319 3775 354 3834 p.
372 3751 568 3836 411-427)
592 3751 727 3818 7030707.
978 3753 1022 3817 Β.
1047 3754 1220 3819 Krnsch.

153 4027 225 4093 071)
253 4026 342 4076 Vitam
361 4025 384 4077 C
406 4025 445 4076 ihi
470 4025 564 4089 hpmni
589 4026 734 4092 missaeque
761 4025 792 4076 de
816 4025 936 4077 Iohanne
962 4027 1097 4092 ipsiusque
1122 4026 1313 4077 translationes

196 4097 401 4164 subsequuntur,
421 4112 496 4162 quae,
516 4096 584 4159 folio
596 4099 692 4162 acciso,
710 4096 822 4148 mutilae
832 4098 863 4147 in
874 4098 974 4151 ambis.-
993 4095 1194 4149 calamitatibus
1207 4095 1312 4148 christi-

197 4183 311 4219 anorum
329 4168 459 4221 70370007.
496 4167 525 4218 Ε
546 4167 677 4219 codicibus
696 4167 728 4221 B.
749 4167 772 4219 O
782 4168 914 4234 plurimis
935 4174 1049 4235 propter
1066 4171 1216 4218 vetustatem
1232 4183 1313 4234 prae·

197 4245 268 4291 terea
292 4239 512 4290 commemorande¹
534 4246 597 4290 sunt
614 4239 881 4290 sinemurensis
898 4255 926 4292 u.
941 4242 954 4292 1
974 4239 1025 4303 (cf.
1039 4238 1082 4291 (Ν.
1096 4237 1188 4291 Arch'
1200 4237 1312 4301 XVIII,

193 4325 223 4375 p.
237 4311 373 4376 615sqq.),
393 4325 444 4376 quo
461 4309 591 4361 Rooerius
609 4326 675 4362 usus
693 4316 738 4375 est,
765 4310 870 4375 eiusque
886 4311 1012 4376 pemellus
1029 4309 1229 4374 Vaticanus,
1248 4309 1312 4374 7700.

151 4397 180 4436 to
198 4379 289 4433 christ.
308 4396 335 4434 n.
353 4383 415 4445 493,
441 4385 550 4447 0707000
573 4395 640 4436 saec.
658 4380 694 4434 X.
784 4379 814 4448 2)
832 4380 895 4433 ‘SB.
913 4381 962 4432 der
982 4379 1131 4446 phil-hist.
1152 4378 1242 4431 Classe
1267 4379 1316 4432 der

198 4451 306 4504 kaiserl.
326 4452 414 4506 Ahad.
432 4452 457 4505 d.
477 4451 651 4517 Wissensch.',
668 4450 835 4503 Vindolanda
854 4453 932 4517 1885,
952 4451 1024 4515 CIX,
1040 4468 1067 4518 p.
1080 4452 1244 4510 319-398.
