2978 4928
230 367 268 423 86
369 360 372 366 ’
446 360 705 431 1011111111
724 359 952 415 OOLUMBANI
970 359 1078 414 LIBRI
1096 358 1136 420 H.

339 545 395 625 fol.
414 546 566 607 sss-79.
591 543 667 608 libri
686 542 816 608 secuudi
828 563 912 624 pars
924 541 1083 622 posterior
1102 539 1169 623 (H,
1189 541 1354 626 11—25),

229 655 313 714 quae
332 632 455 697 tertium
474 632 525 698 bic
544 632 659 697 librum
678 632 788 712 eflicit,
812 632 868 695 secl
885 652 910 695 e.
929 637 981 694 22.
1000 630 1080 711 [iuis
1097 631 1172 696 irule
1191 632 1355 696 acerbis:

233 722 400 787 Similiter
423 723 492 786 alia
516 722 633 805 puella
656 720 865 785 desideratur.

344 809 447 876 (lobea
476 830 514 874 eu
544 808 636 874 libris
665 808 777 873 elassis
802 807 835 871 A
860 807 1113 890 perfectissimus
1141 808 1268 890 quidem
1297 816 1351 890 est,

231 900 287 964 secl
307 899 364 979 fol.
384 904 501 962 1-16.
526 918 596 962 eum
619 897 654 960 V.
679 896 829 961 Eustasii
846 903 957 978 postea
980 903 1186 961 accuseruut.
1371 926 1387 965 s

338 987 524 1068 Scripturas
546 984 701 1067 specimeu
724 984 810 1049 dedit
832 985 965 1050 Loulor
986 987 1048 1050 tab.
1073 985 1175 1049 VIII.

337 1073 447 1158 A2a*)
473 1074 577 1141 Oooleu
598 1073 946 1157 Compeudieusis,
970 1093 1030 1154 quo
1045 1073 1261 1139 Mobillouius
1275 1096 1353 1140 usus

231 1170 285 1245 est,
317 1164 426 1229 omuia
447 1164 515 1244 fere
538 1163 640 1228 tribus
663 1162 756 1227 libris
779 1161 930 1227 bistiucta
953 1161 1132 1226 coutiuebat
1153 1183 1233 1243 quae
1257 1184 1351 1244 prae-

231 1254 350 1334 eedeus,
367 1251 485 1317 seilicet
499 1251 579 1316 libro
592 1251 700 1332 primo
720 1252 756 1316 V.
778 1249 974 1330 Columbaui,
994 1251 1128 1315 secuudo
1147 1252 1184 1316 V.
1200 1251 1350 1329 Albulae,

232 1340 322 1406 tertio
351 1340 510 1406 miracula
532 1339 766 1405 Eooriaoeusia
796 1361 866 1404 cum
896 1340 933 1403 V.
957 1339 1098 1419 Bertulfi
1127 1340 1352 1422 miraculisque
1371 1369 1400 1408 ιο

231 1428 459 1509 Bobieusibus,
492 1429 548 1493 seol
577 1428 613 1493 V.
643 1428 792 1494 Eustasii
823 1427 1073 1493 desiderabatur.
1126 1428 1238 1493 Etiam
1272 1429 1352 1508 fiuis

232 1539 257 1583 e.
275 1523 327 1582 22.
345 1517 421 1581 libri
436 1517 489 1581 II.
506 1517 536 1581 ei
550 1519 658 1582 deerat
673 1523 765 1598 atque
780 1517 912 1599 iusuper
926 1518 1010 1598 quoii
1022 1516 1061 1581 iu
1079 1516 1135 1582 illo
1150 1523 1235 1582 catat
1252 1538 1278 1582 c.
1296 1523 1350 1581 25.

338 1604 463 1689 ,12οἻ
493 1605 598 1671 Oodeu
619 1605 917 1670 Bruxeliensis
946 1627 978 1670 u.
1003 1611 1098 1686 7461,
1129 1627 1209 1671 saec.
1237 1606 1350 1670 XIII.

230 1695 288 1775 iu„
319 1695 393 1758 olim
416 1696 520 1760 Liber
550 1698 668 1760 sancte
696 1695 805 1759 Mario
837 1696 879 1760 de
903 1695 1076 1772 Valccllis,
1108 1696 1280 1760 aduolaute
1308 1717 1350 1760 ru.

230 1805 255 1848 s.
282 1784 389 1849 XIII
419 1783 465 1865 (p.
490 1786 582 1867 412),
617 1789 682 1848 tum
709 1783 921 1848 Baltbasaris
948 1783 1078 1865 Moreti,
1113 1805 1136 1846 a
1168 1804 1228 1865 quo
1261 1784 1352 1864 facta
1371 1811 1400 1852 rs

198 1875 201 1879 ’
224 1870 458 1954 permutatione
489 1895 519 1937 a.
548 1877 642 1936 1637.
672 1872 710 1936 iu
732 1872 963 1953 possessiouem
993 1873 1124 1937 Domus
1153 1874 1241 1957 prof.
1274 1874 1349 1938 Soc.

230 1963 311 2028 Iesu
345 1963 511 2048 Antverp.
548 1960 605 2042 (m.
640 1982 666 2025 s.
698 1961 735 2024 X
742 1960 822 2040 VII,
853 1982 887 2041 p.
915 1959 950 2041 l)
984 1960 1083 2038 osuit,
1125 1961 1272 2043 siquatus
1304 1961 1352 2027 ibi

230 2050 270 2114 P.
296 2056 368 2132 160,
399 2050 482 2114 ritas
505 2056 686 2116 sauctorum
718 2049 873 2113 meusium
897 2048 1086 2113 Nouembris
1114 2056 1143 2114 et
1164 2050 1352 2115 Decembris

232 2139 369 2203 eoutiuet
391 2160 460 2204 cum
483 2139 569 2204 alias
591 2144 657 2202 tura
680 2139 717 2202 V.
748 2137 935 2202 Columbaui
959 2138 1075 2202 librum
1096 2144 1271 2220 utrumque,
1296 2142 1352 2204 secl

225 2226 334 2308 priori
357 2233 386 2291 et
408 2228 576 2292 laterculus
599 2225 739 2310 capitum
765 2231 795 2290 et
824 2225 971 2290 carmiua
999 2225 1035 2290 iu
1065 2227 1148 2292 ealce
1170 2228 1283 2292 clesuut
1306 2234 1350 2292 at·
1368 2255 1399 2294 10

231 2336 290 2397 que
312 2313 348 2380 iu
364 2315 539 2396 posteriore
562 2315 598 2380 V.
623 2313 771 2379 Eustasii
795 2310 863 2395 (ΙΙ,
883 2316 1007 2398 7-10)
1032 2315 1231 2380 desideratur
1252 2337 1351 2397 eaque

232 2423 313 2484 quae
335 2409 409 2484 post
437 2403 559 2469 bialum
588 2408 761 2484 sequautur
783 2402 899 2467 librum
929 2403 1054 2469 tertium
1083 2403 1238 2486 efficiunt
1268 2405 1352 2470 sieut

230 2493 266 2557 iu
289 2491 322 2555 A
335 2499 386 2557 20.
426 2492 546 2556 Iusuut
566 2491 667 2573 iqitur

331 2602 367 2662 p.
385 2586 427 2645 90
435 2587 556 2645 -115.
580 2580 616 2645 V.
647 2579 833 2645 Columbaui
856 2601 925 2644 cum
948 2579 1101 2662 epistula:
1124 2582 1254 2666 Incipit
1277 2602 1349 2665 pre-

230 2670 319 2734 fatio
349 2669 385 2732 in
415 2670 488 2734 vita
518 2669 630 2734 sancti
654 2669 860 2734 Columbani
891 2670 1027 2734 abbatis
1051 2704 1093 2714 -
1123 2706 1168 2714 -
1197 2671 1350 2753 Explicit
1368 2697 1398 2738 rs

231 2759 404 2844 prologus.
450 2758 581 2842 Incipit
610 2757 699 2823 liber
728 2759 858 2842 primus
886 2760 979 2823 vitae
1009 2760 1120 2823 sancti
1144 2759 1351 2824 Columbini

231 2847 376 2925 abbatis,
410 2847 507 2912 cuius
538 2847 720 2912 celebritas
749 2851 801 2912 est
826 2848 888 2911 IX.
913 2848 971 2911 Kl.
996 2847 1206 2913 Decembris.
1252 2849 1350 2912 Euti-

230 2937 362 3002 lantem
381 2971 419 2980 -
437 2936 649 3020 -Explicit
668 2936 757 3000 liber
775 2937 915 3020 primus,
940 2934 995 3000 ubi
1011 2935 1282 3016 praescriptioues
1301 2958 1350 3001 ca·

225 3024 330 3106 pilum
352 3027 478 3107 013001,
502 3027 558 3091 secl
578 3023 705 3090 uumeri
728 3024 958 3105 desiduautur,
983 3024 1058 3088 dum
1072 3023 1109 3089 iu
1123 3023 1245 3105 reliquo
1268 3024 1350 3090 libro

230 3113 305 3178 illae
328 3113 553 3179 desideraulur
575 3120 604 3179 et
626 3113 660 3178 11
683 3115 808 3195 absuut,
1369 3141 1398 3180 so

331 3224 366 3283 p.
386 3208 577 3266 115-119.
602 3202 638 3267 V.
658 3202 798 3267 Albulae
822 3198 891 3283 (H,
911 3207 974 3265 1-
983 3201 1019 3283 6)
1042 3223 1112 3267 eum
1128 3201 1241 3284 priore
1259 3203 1350 3267 later·

232 3289 294 3354 culi
310 3297 424 3371 parte:
447 3291 610 3374 Capitulis
633 3290 714 3354 libri
737 3293 940 3356 secundi-
960 3291 1161 3376 Expliciunt
1185 3292 1348 3376 capitula.

232 3379 362 3462 Incipit
385 3380 473 3444 liber
496 3381 666 3444 sccundus
689 3414 733 3423 -
756 3415 800 3423 —
823 3381 974 3465 Explicit
996 3380 1085 3444 liber
1108 3381 1287 3457 secundus,

332 3488 367 3547 p.
387 3472 577 3531 119-134.
593 3466 752 3548 posterior
770 3468 901 3533 alterius
920 3467 996 3533 libri
1007 3488 1092 3549 pars
1111 3463 1348 3551 (1.1,11-25)

232 3575 302 3618 cum
318 3554 495 3636 posteriore
517 3554 663 3620 laterculi
679 3563 783 3638 parte,
807 3556 925 3621 scilicet
942 3556 1101 3621 miracula
1116 3555 1350 3621 Boarioceusia
1368 3584 1398 3624 ss

231 3662 301 3709 cum
332 3643 367 3708 V.
392 3643 533 3722 Bertulfi
561 3643 786 3725 miraculisque
815 3644 1044 3710 Bobieusibus:
1077 3646 1239 3730 Capitula
1268 3645 1350 3709 libri

230 3733 330 3797 tercii
353 3767 396 3776 —
419 3733 621 3815 Expliciunt
650 3735 804 3818 capitula
831 3729 1015 3812 (uumerala
1041 3733 1088 3799 ibi
1113 3735 1247 3817 1-19).
1294 3735 1349 3797 In·

232 3821 317 3904 cipit
340 3821 428 3886 liber
449 3823 587 3900 tercius,
619 3821 676 3904 qui
697 3843 763 3887 uou
785 3821 937 3887 bistiucta
959 3822 995 3887 V.
1019 3822 1162 3902 Bertulfi
1184 3820 1229 3887 ail
1250 3843 1275 3888 c.
1298 3829 1347 3903 19,

230 3908 253 3972 i.
277 3930 302 3973 e.
327 3915 379 3974 25.
411 3916 539 3976 uestrae
569 3911 726 3993 eolitiouis,
759 3910 972 3992 coutiuuatur,
1003 3910 1168 3976 elesiueus:
1197 3911 1350 3996 Explicit

230 3998 319 4062 liber
341 4000 470 4063 tercius
493 4001 585 4066 vitae
608 4002 720 4066 sancti
744 4000 950 4065 Columbani
973 4001 1118 4065 abbatis.
1170 3998 1273 4081 Caput
1295 4004 1347 4062 22.
1367 4027 1397 4066 co

231 4085 308 4150 libri
331 4086 384 4150 ΙΙ.
410 4089 513 4153 eodem
537 4089 601 4154 loeo
624 4089 694 4155 biat
716 4094 808 4170 atque
829 4088 868 4153 iu
889 4088 987 4153 Α20.
1012 4087 1055 4153 a⁸.

337 4173 425 4241 Erat
457 4176 532 4241 olim
565 4176 808 4259 Autoerpieusis
842 4177 952 4241 domus
978 4176 1146 4258 professae
1179 4177 1248 4242 Soc.
1273 4177 1351 4240 Iesu

230 4261 313 4432 idefm
336 4284 396 4345 quo
419 4265 641 4331 Heusobeuius
664 4268 708 4330 acl
729 4265 766 4330 V.
790 4264 930 4330 Albulae
952 4265 1105 4330 edendam
1127 4286 1204 4330 usus
1227 4270 1291 4346 est,·
1319 4285 1349 4328 o.

229 4350 266 4416 iu
283 4372 324 4418 ra
344 4374 380 4434 p.
399 4359 473 4420 142.
