2978 4928
154 350 191 403 42
368 343 494 414 IONAS,
505 342 627 400 VITAE
645 339 873 398 COLUMBANI
891 341 1000 397 LIBRI
1018 341 1059 400 H.

155 528 274 594 dicuin
295 526 499 608 sospitemque
521 524 620 590 matri
646 524 881 605 commundauit,
912 526 1009 591 donec
1037 547 1060 590 a
1088 524 1274 592 Oblotbario

155 616 282 682 rediens
300 615 458 697 reliaiosis
474 613 610 679 aestibus
628 634 698 678 cam
715 613 870 677 indueret.
909 613 1009 678 Pater
1025 635 1098 679 uero
1115 615 1273 696 pollicita·

155 705 252 770 lionis
270 725 342 768 mon
360 703 474 768 oblitus
496 702 627 783 nuptias
648 701 715 766 iam
732 722 856 782 parare
873 702 1016 767 decreuit.
1056 705 1147 785 Quod
1161 705 1274 786 mulla

155 799 310 875 computa
325 813 395 857 cnm
410 791 495 857 socia
512 793 556 855 acl
570 790 734 856 basilicam
752 790 785 855 S.
801 789 892 854 Petri
906 791 1103 857 Meldensem
1119 793 1271 875 consuant,

155 902 283 964 cumque
305 882 353 946 ael
375 902 410 945 eo
432 880 501 962 ipso
525 880 589 945 loco
606 878 703 961 pueri
725 900 747 943 a
763 885 858 960 patre
879 878 973 943 missi
995 887 1124 945 mortem
1146 880 1305 949 incanus

153 971 361 1049 intenderent,
392 967 566 1034 Eustasius
593 987 755 1050 rearessus
783 967 888 1049 ipsam
917 967 1065 1034 liberauit
1093 975 1186 1051 atque
1212 992 1275 1053 per

159 1057 385 1124 Gundoolclum
400 1057 490 1122 urbis
504 1055 595 1121 illins
610 1055 794 1138 pontificem
808 1056 913 1120 sacris
927 1057 1062 1122 uestibus
1076 1058 1274 1124 induendam

155 1147 288 1213 curauit.
346 1147 435 1211 Tunc
463 1144 691 1210 monasterium
720 1144 882 1226 uirainum
912 1146 1091 1212 Enoriacas
1120 1147 1168 1212 acl
1195 1147 1273 1213 Bri·

153 1257 247 1319 nense
258 1236 278 1317 1,
296 1241 408 1316 postea
431 1255 469 1299 en
491 1241 620 1299 sauctae
643 1233 769 1298 nomine
787 1234 899 1298 Farac
921 1235 1156 1315 monasterium,
1180 1235 1274 1302 noun

155 1323 395 1390 Foremantiers
428 1323 633 1405 appellatum,
668 1321 706 1387 in
736 1322 799 1386 solo
827 1329 965 1403 paterno
995 1323 1198 1403 aedificatum
1228 1332 1275 1391 est
1292 1353 1318 1393 ιο

155 1433 324 1494 curamque
364 1410 561 1492 aedificandi
601 1410 774 1475 Eustasius
813 1411 978 1476 neonaabis
1017 1413 1150 1494 duobus,
1191 1412 1272 1480 Obo-

152 1501 290 1584 anoalila
313 1500 430 1566 scilicet
457 1499 559 1579 fratri
583 1501 708 1581 puellae
731 1507 760 1564 el
784 1500 990 1581 Walcleberta,
1020 1501 1176 1566 commisit
1203 1525 1273 1568 una

155 1612 224 1655 cum
258 1590 369 1672 reaula
403 1591 551 1654 docenda.
609 1589 762 1669 Domus2,
798 1610 858 1669 aua
896 1588 998 1654 tribus
1036 1589 1126 1655 ostiis
1164 1591 1272 1657 aditus

148 1680 288 1761 patebat,
319 1685 348 1743 et
377 1679 471 1743 cellas
500 1684 528 1742 el
558 1677 779 1742 dormitorium
809 1699 968 1743 commune
997 1679 1274 1760 omnmcbenolebat

155 1788 253 1849 neque
268 1769 378 1832 bertus
393 1769 509 1847 deerat,
533 1766 569 1831 in
584 1787 644 1848 quo
664 1767 751 1831 alera
774 1768 819 1831 ad
836 1766 1003 1847 coquinam
1025 1767 1209 1833 necessaria
1231 1771 1271 1834 ab
1291 1796 1317 1836 a

155 1856 235 1938 ipsis
256 1855 436 1938 air·9inibns
457 1856 658 1936 colebantur,
681 1861 778 1920 totum
793 1861 897 1920 autem
911 1856 1139 1921 monasterium
1153 1857 1256 1939 saept‘

154 1946 202 2010 ael
224 1945 307 2010 uallo
335 1945 526 2025 cinaebatur,
556 1965 637 2026 quae
667 1943 878 2009 transiliendo
907 1944 1026 2009 molari
1055 1966 1119 2010 non
1148 1945 1270 2011 licebat.

154 2034 413 2117 Burannalofara
442 2041 543 2098 mater
571 2033 752 2115 airainibus
775 2039 929 2113 praeerat
962 2033 1088 2116 aliaque
1122 2035 1272 2100 cellariae

154 2143 283 2187 munere
319 2123 522 2204 sunaebatur.
588 2121 667 2187 Oum
705 2121 884 2186 abbatissae
920 2122 1013 2201 fama
1049 2123 1175 2204 passim
1210 2144 1273 2206 per

160 2210 288 2276 Gallias
318 2217 410 2292 atque
439 2210 534 2275 eliam
558 2231 621 2292 per
648 2209 848 2274 Britannias
879 2211 1095 2292 celebraretur,
1124 2233 1317 2293 proconesio

155 2320 220 2362 nan
257 2299 357 2362 solnm
395 2300 615 2379 Francorum,
658 2299 714 2363 scol
750 2297 845 2363 eliam
882 2298 1146 2381 Analasononum
1182 2300 1272 2381 [ilias

154 2386 346 2452 ermlienclas
380 2408 417 2453 ac
451 2408 564 2467 sponso
599 2387 722 2452 caelesti
755 2386 936 2469 innuendas
968 2388 1033 2469 insi
1067 2391 1237 2455 tradebant
1249 2391 1269 2471 ³,

154 2475 202 2539 ita
230 2482 266 2539 ut
294 2474 435 2556 viraines
464 2477 579 2540 multae
608 2497 643 2540 eo
672 2477 875 2556 confluerent,
905 2477 1057 2557 inprimis
1087 2500 1103 2543 e
1131 2478 1271 2556 familiis

155 2564 312 2628 nobilibus
346 2571 443 2628 ortae.
502 2564 657 2629 Instituta
695 2564 888 2630 coenobiolia
926 2589 948 2631 a
976 2566 1157 2649 praeceptis
1191 2588 1272 2650 quae

154 2652 318 2717 monacbis
339 2652 407 2717 suis
427 2652 640 2718 Columbanus
662 2655 791 2717 declerot
805 2674 927 2735 parum
950 2654 1149 2733 differebant.
1192 2655 1271 2722 oon·
1289 2684 1317 2723 ss

153 2741 324 2821 sessionem
346 2743 434 2822 apud
461 2748 594 2806 matrem
624 2741 764 2823 viraines
793 2744 1022 2824 enpramebant,
1053 2765 1133 2824 quae
1155 2745 1271 2828 paeni·

154 2830 284 2896 tentiam
308 2832 353 2895 acl
373 2831 517 2912 reculam
535 2830 738 2912 peccantibus
760 2830 926 2913 irroaabal
948 2855 969 2896 a
993 2854 1119 2914 empore
1134 2833 1272 2899 Domini

153 2919 218 2985 iam
242 2919 422 3002 seareaolis.
469 2919 581 2985 Etiam
605 2919 768 2985 cotidiana
798 2920 912 2985 delicta
940 2920 978 2985 in
1008 2920 1203 3003 aaaualione,
1234 2922 1272 2988 in

152 3010 302 3089 sermone,
327 3008 363 3074 in
386 3030 477 3091 mere
500 3009 667 3074 commisso
682 3009 826 3089 confiteri
841 3011 1007 3091 oportebat,
1028 3016 1133 3090 terque
1148 3011 1270 3092 cotidie,

151 3098 233 3164 sicul
265 3104 336 3163 erat
369 3105 398 3163 el
430 3098 618 3164 manasterii
652 3104 681 3162 et
714 3098 841 3180 reaulae
875 3101 1076 3180 consuetudo,
1105 3121 1169 3180 per
1202 3121 1271 3166 con·
1291 3128 1317 3168 so

151 3187 320 3265 fossionem
353 3208 442 3251 mons
464 3188 697 3269 puraabatur·⁴.
756 3184 834 3251 (lum
870 3185 1062 3252 Columbaria
1094 3188 1172 3253 bina
1201 3211 1272 3254 can-

153 3274 250 3352 fessio
284 3275 459 3353 suffecisset
492 3276 644 3357 tertiaque
678 3298 700 3339 a
732 3275 862 3340 Donato
897 3275 1009 3341 addita
1043 3283 1136 3359 esset,
1174 3277 1272 3342 bilius

153 3364 295 3443 reaulam
317 3362 354 3427 in
376 3363 567 3427 monasterio
589 3363 801 3428 Enoriacensi
824 3387 845 3428 a
867 3363 1046 3446 numinibus
1075 3366 1272 3432 observatam

153 3471 219 3515 esse
252 3472 290 3515 ea
324 3451 381 3515 boc
418 3452 483 3515 loca
516 3451 661 3516 concludi
695 3451 774 3516 licet.
831 3453 1013 3518 Missurum
1046 3455 1212 3521 sollemnia
1250 3477 1272 3520 a

154 3538 305 3604 inonacbo
329 3540 576 3619 celebrabantur,
600 3559 660 3620 quo
689 3561 819 3605 munere
841 3542 943 3607 Ionas
973 3545 1131 3624 quandam
1159 3543 1271 3626 sanae·
1290 3573 1317 3613 ss

154 3628 255 3708 batur,
279 3627 383 3708 eisquc
405 3626 665 3709 Buranualofara
695 3650 763 3692 cuin
792 3630 990 3708 famularum
1019 3631 1145 3714 collcaio
1174 3632 1271 3698 inter-

153 3722 231 3780 erat.
278 3715 409 3797 Viraini
434 3715 643 3781 moribundae
665 3717 806 3798 reliquae
830 3741 899 3784 cum
920 3727 1022 3785 matre
1044 3722 1090 3785 acl
1110 3742 1272 3803 supremos

153 3805 285 3868 bonores
301 3806 517 3886 praestandas
539 3806 676 3870 aderant
691 3807 922 3888 psallentesque
944 3809 1088 3874 animam
1110 3817 1272 3875 exeuntem

154 4030 180 4099 1)
200 4031 284 4096 Beda,
303 4031 374 4090 Hi'st,
393 4033 450 4084 aad.
470 4031 525 4098 III,
538 4033 571 4086 8:
590 4031 619 4083 in
636 4033 811 4101 monasterio,
830 4033 904 4101 quod
922 4034 950 4086 in
968 4035 1080 4104 regione
1099 4034 1272 4090 Francorum

153 4104 339 4155 constructum
365 4107 407 4154 est
431 4102 465 4154 ab
489 4101 625 4154 abbatissa
649 4103 817 4156 nobilinsima
834 4105 969 4158 vocabulo
988 4105 1060 4158 Fara
1084 4106 1112 4159 in
1137 4107 1198 4160 loeo
1224 4108 1317 4176 quim

153 4170 254 4224 dicitur
274 4172 303 4224 in
321 4172 412 4242 Brige.
485 4175 513 4240 2)
537 4173 568 4228 V.
589 4175 702 4229 Calumb.
722 4175 762 4240 11,
778 4179 895 4231 11-22.
968 4178 995 4246 3)
1017 4179 1101 4244 Bcala,
1120 4179 1193 4234 ΗΜ.
1212 4181 1271 4232 cccl.

152 4241 210 4306 III,
228 4245 254 4298 8.
303 4244 493 4297 Willesuimluc
523 4261 556 4297 ca
582 4261 676 4312 acuere
702 4247 875 4299 Sanonarum
903 4247 985 4300 Ionas
1012 4250 1051 4315 II,
1072 4252 1114 4316 17,
1143 4251 1270 4309 utcmiuit,

153 4315 181 4378 4)
202 4314 232 4368 V.
252 4315 368 4372 Calumb.
387 4316 427 4383 II,
442 4320 482 4372 19.
