2978 4928
370 401 495 470 IONAS,
508 402 627 457 VITAE
646 402 875 457 OOLUMBANI
892 401 1001 456 LIBRI
1018 401 1058 457 H.
1220 401 1272 454 11⁷

158 590 249 665 atque
268 604 336 648 cnm
355 583 470 648 eisdem
489 591 561 665 post
578 586 673 649 uerba
688 585 718 663 I,
733 592 791 650 22:
818 586 962 650 Sublato
982 584 1106 647 deinde
1125 580 1269 666 prandio

158 674 209 736 vir
227 673 291 737 Dei
310 674 354 736 ad
374 675 502 737 scafam
521 678 652 738 remeat
671 679 766 737 totum
784 673 981 738 enuntiatum
998 671 1145 736 inserunt
1163 669 1270 733 dcccc:

158 762 304 825 Factum
338 766 390 826 est
425 765 550 838 autem,
587 784 664 827 cum
699 764 750 826 vir
781 764 846 828 Dei
876 761 1107 825 Columbanus
1142 759 1270 822 adisset

159 845 222 924 (ita
237 849 269 912 A
284 851 334 914 ld.
352 857 399 914 2c.
418 856 447 914 et
462 872 478 914 e
496 871 577 916 corr.
594 852 746 915 audisset
762 853 795 914 A
810 849 870 932 lc“,·
893 851 1019 914 edisset
1033 847 1066 911 A
1080 847 1115 928 2)
1140 849 1270 911 scafam

126 962 138 1000 c
158 933 415 1021 (adsurrexisset
433 959 495 1020 pro
514 961 543 1002 a.
564 961 608 1004 sc.
631 939 663 1002 A
676 934 729 1022 2α)
747 943 780 1003 A
796 938 852 1005 lc*.
870 942 900 1003 d.
918 945 948 1001 2.
966 943 1017 1000 Qu.
1035 959 1050 1002 c
1070 934 1148 1017 (non
1163 935 1268 1017 A2b),

157 1026 412 1107 subsequentibus
434 1027 554 1092 uerbis:
577 1031 794 1112 repperitque
820 1025 879 1109 (ita
896 1027 985 1091 Α2α
1004 1026 1180 1105 eumenid,
1203 1046 1268 1108 que

156 1135 214 1179 om.
238 1115 271 1178 A
286 1116 345 1180 ld.
362 1115 392 1179 d.
410 1121 440 1178 2.
458 1114 509 1198 2ο)
534 1138 611 1180 suos
636 1117 746 1181 multa
768 1118 913 1181 tristitie
937 1117 1121 1199 depressos.

269 1203 310 1270 Ut
332 1203 411 1268 alibi
426 1207 521 1270 cerba
536 1205 717 1270 necessaria
732 1206 926 1287 neplepenter
942 1202 1170 1285 praetermissa
1185 1208 1267 1283 sunt,

157 1290 201 1356 ita
230 1291 287 1356 doc
315 1293 379 1357 loeo
409 1299 509 1358 tentus
539 1293 751 1375 amplificatus
785 1301 837 1375 est,
871 1314 999 1375 cumque
1027 1312 1088 1374 pro
1121 1291 1269 1356 vocabulo

111 1404 136 1442 ιο
154 1380 280 1445 rariore
303 1385 452 1446 metatus
474 1381 625 1447 usitatius
647 1384 804 1464 quoddam
821 1382 1019 1448 substitutum
1041 1380 1091 1460 sit,
1115 1379 1269 1445 sermonis

154 1468 267 1534 rustici
289 1469 469 1551 corripendi
491 1470 629 1535 studium
647 1477 787 1552 apparet.
826 1473 945 1536 Eodem
962 1469 1064 1534 studio
1080 1469 1164 1533 locus
1179 1489 1268 1549 quem

155 1557 225 1621 dini
247 1557 375 1623 additus
397 1559 521 1624 uidetur
543 1580 616 1640 esse,
648 1559 764 1625 scilicet
793 1566 936 1625 sunctum
959 1560 1003 1622 ud
1031 1557 1180 1638 scapham
1202 1577 1267 1621 non

155 1647 255 1710 sotum
278 1666 440 1728 remeasse,
467 1650 523 1712 sed
551 1647 645 1712 etiam
668 1648 771 1729 ipsam
795 1648 908 1728 adisse,
939 1654 968 1713 et
991 1653 1070 1712 certe
1091 1645 1129 1710 in
1152 1651 1267 1710 tentum

156 1734 282 1799 admitti
304 1757 369 1799 non
392 1735 481 1800 licuit
501 1737 605 1817 verbu,
629 1757 709 1818 quae
727 1759 749 1800 c
767 1737 948 1802 melioribus
966 1735 1058 1800 tibris
1075 1736 1108 1798 A
1119 1742 1168 1798 la.
1186 1736 1213 1799 b.
1235 1741 1266 1798 3.

110 1846 135 1885 15
153 1822 187 1887 B
202 1830 288 1887 lan
320 1824 447 1888 omnino
476 1826 592 1889 absunt
619 1846 675 1890 nec
706 1846 765 1906 per
795 1847 900 1890 omnes
931 1825 1028 1889 tidros
1058 1824 1121 1887 Α2
1153 1825 1267 1903 confir·

153 1918 291 1993 mantur,
315 1914 411 1976 ueluti
425 1912 458 1975 A
471 1914 509 1977 21)
532 1912 644 1978 iisdem
666 1915 786 1979 uacare
830 1914 908 1979 Onm
930 1934 1011 1995 qnae
1034 1911 1126 1977 tibris
1141 1911 1267 1977 Alad

153 2005 183 2064 et
203 2001 267 2064 Ae
292 2001 469 2066 communia
491 2007 565 2066 sunt
586 2023 624 2066 ec
647 2023 812 2067 nnmerum
837 2024 902 2066 non
925 2005 1002 2067 adeo
1024 2022 1174 2082 mapnum
1197 2000 1266 2080 efli-

154 2088 241 2152 ciant
262 2095 353 2170 atque
370 2097 537 2171 praeterea
557 2092 672 2155 menda
691 2091 823 2156 alterins
839 2091 947 2173 partis
964 2091 1001 2154 in
1019 2091 1120 2155 alteru
1135 2088 1265 2154 minime

153 2179 291 2258 redeunt,
315 2178 389 2257 sieri
411 2177 467 2241 uin
481 2184 594 2262 potest,
617 2186 653 2244 ut
674 2181 776 2245 attera
794 2201 833 2244 en
851 2181 951 2244 altera
973 2186 1042 2243 orta
1064 2178 1114 2259 sit,
1138 2176 1265 2259 uerique

108 2290 135 2328 20
153 2264 290 2330 similius
313 2272 358 2330 est
380 2266 524 2331 lectiones
542 2269 714 2332 nonnullas
732 2289 770 2333 erc
784 2267 957 2350 exemplari
972 2267 1077 2332 alieno
1093 2289 1114 2330 a
1129 2265 1264 2331 librario

152 2356 287 2433 quodam
310 2357 508 2436 depromptus
537 2377 611 2437 esse,
642 2377 770 2438 cumque
800 2357 918 2422 codices
940 2357 972 2421 A
988 2358 1073 2422 lud
1095 2361 1264 2437 praetcrea

151 2442 323 2522 manifesta
345 2443 457 2508 classis
479 2443 542 2508 Al
566 2444 699 2526 uestipiu
728 2446 846 2526 ferunt,
870 2466 1028 2527 proauum
1058 2466 1163 2510 eorum
1187 2465 1264 2510 com-

151 2530 242 2595 missi
263 2551 352 2596 reum
373 2553 439 2596 esse
460 2532 643 2597 enistimem.
689 2535 864 2616 Exemplar
886 2541 998 2616 cutem,
1026 2536 1110 2616 quod
1134 2535 1179 2598 ud
1200 2554 1264 2599 cor·

150 2619 317 2701 ripendum
346 2626 460 2685 tentum
489 2621 543 2686 un
571 2621 692 2703 asciuit,
721 2643 958 2704 nonnumquam
985 2645 1054 2689 cum
1076 2624 1109 2688 A
1125 2630 1167 2689 2α
1194 2643 1263 2687 con-

105 2733 132 2772 ec
150 2708 243 2788 cernit,
267 2709 468 2774 dissentiente
490 2710 592 2776 codice
614 2711 695 2777 Ae:

210 2798 273 2878 Ep.
319 2794 477 2883 secando]
502 2802 666 2866 sectando
689 2800 722 2864 A
737 2807 780 2866 lc.
798 2802 828 2865 d.
846 2807 907 2882 2a,·

194 2886 294 2966 Lis.
320 2892 520 2971 paraturum
551 2883 755 2973 (pariturum
784 2890 817 2953 A
836 2895 880 2954 lc.
904 2884 948 2973 d)]
978 2892 1157 2974 respondit
1186 2889 1260 2953 add.

362 2975 454 3040 Alc.
471 2978 501 3041 d.
520 2983 582 3059 22.·

194 3064 292 3143 Lm.
317 3062 586 3151 Mogontiacum]
611 3067 865 3132 Mosuntiacum
888 3067 921 3130 A
940 3073 984 3131 lc.
1009 3067 1049 3147 d,
1078 3067 1262 3130 Mosontia-

103 3177 130 3214 so
362 3174 440 3217 cum
462 3154 494 3217 A
508 3161 569 3235 2α,·
598 3155 817 3239 Mogontiam
836 3156 868 3220 A
881 3162 911 3219 2.

148 3239 292 3304 Alterius
314 3240 414 3319 fontis
436 3242 568 3324 uestipia
590 3248 619 3307 et
639 3243 676 3307 in
704 3245 851 3308 laterculo
881 3242 1021 3327 capitum
1050 3249 1080 3307 et
1106 3242 1143 3306 in
1166 3263 1262 3324 prae

149 3328 372 3409 scriptionibus
393 3330 678 3414 deprehenduntur,
702 3339 793 3414 atque
815 3332 875 3397 das
889 3332 941 3397 itte
957 3332 1092 3414 exempto
1108 3331 1261 3396 librorum

149 3416 181 3480 A
194 3423 223 3479 2.
249 3424 291 3481 2ιι
314 3439 462 3499 pennense
491 3419 668 3500 disponens,
694 3421 976 3503 praescriptionem
1002 3443 1028 3486 c.
1049 3427 1100 3484 20.
1124 3419 1262 3485 medium

148 3505 185 3570 in
201 3508 403 3588 praecedens,
428 3507 574 3573 lemmata
593 3529 666 3573 nero
690 3531 714 3575 c.
732 3516 784 3574 21.
802 3516 843 3575 22
861 3509 899 3575 in
918 3532 943 3575 c.
961 3516 1013 3573 20.
1030 3517 1070 3574 21
1088 3508 1259 3592 promouit,

103 3618 130 3657 sc
148 3594 281 3674 deniqne
303 3615 441 3660 errorem
463 3595 719 3662 animadvertens
731 3619 761 3662 c.
779 3605 831 3662 23.
851 3620 920 3663 cnm
939 3604 992 3663 22.
1016 3597 1180 3663 coniunnit
1212 3597 1261 3662 ita

149 3689 183 3746 ut
205 3705 226 3747 a
249 3704 273 3747 c.
291 3689 344 3746 24.
368 3684 476 3749 omnia
505 3685 590 3749 inter
612 3706 644 3750 se
673 3686 869 3767 conueniant,
900 3690 974 3753 dnm
996 3688 1029 3751 A
1043 3695 1072 3751 2.
1097 3693 1140 3751 2α
1162 3708 1188 3752 c.
1206 3690 1258 3751 24.

149 3793 218 3835 cum
237 3778 289 3835 23.
309 3772 529 3854 coninnpentes
546 3775 669 3838 demum
687 3797 708 3839 a
726 3797 751 3839 c.
769 3780 821 3838 25.
840 3775 877 3839 in
895 3775 1038 3840 ordinem
1056 3797 1087 3840 se
1105 3775 1259 3855 referunt.

148 3860 363 3942 Praescriptio
391 3861 495 3925 ultimi
524 3862 638 3942 capiis
667 3858 732 3948 (30)
761 3863 799 3927 in
820 3864 852 3927 A
871 3866 913 3928 ld
941 3862 1055 3945 lepitur
1077 3887 1098 3928 a
1127 3864 1260 3944 reliquis

148 3948 332 4030 discrepans
354 3949 507 4015 omnibus.

103 4097 130 4135 40
150 4086 175 4151 1)
197 4087 280 4140 Verbo
298 4086 414 4140 Factum
440 4092 480 4140 est
498 4090 581 4141 Ionas
605 4105 672 4141 raro
689 4090 813 4142 undatur
830 4091 882 4156 (II,
895 4093 919 4145 3.
938 4089 1107 4156 Factumque
1125 4091 1165 4141 cst
1184 4087 1260 4142 dein·

148 4173 219 4225 cepi,
239 4175 300 4210 cum
318 4159 452 4211 -tellus
471 4159 616 4226 excoleret,
634 4160 724 4213 subito
741 4191 774 4200 -—
787 4162 917 4229 asperitas
934 4161 1073 4229 peremit),
1091 4161 1259 4227 frequentius

148 4228 312 4297 diopraphns
332 4231 477 4296 Gcncacfue
495 4247 556 4283 aero
575 4232 751 4299 Carolinpico,
777 4236 823 4300 qui
847 4249 867 4287 c.
887 4236 912 4287 7.
932 4233 1014 4284 locum
1028 4232 1193 4298 persimilem
1211 4248 1257 4284 en-

147 4299 232 4352 htbet:
250 4300 366 4353 Factum
385 4306 426 4354 est
443 4305 535 4356 autem
553 4333 597 4370 -,
616 4319 678 4354 cum
697 4308 785 4356 mater
802 4335 838 4344 -
854 4307 991 4372 pergeret,
1008 4334 1044 4342 —
1061 4302 1125 4354 ilico
1143 4332 1178 4341 -
1196 4318 1259 4370 per·

147 4385 224 4422 cussa
243 4376 291 4427 est.
