2978 4928
154 317 191 370 40
370 307 494 377 IONAS‚
509 308 628 364 VITAE
645 307 873 364 OOLUMBANI
891 308 1000 364 LIBRI
1017 309 1057 367 II.

155 493 258 573 batur,
282 513 345 574 quo
368 491 467 558 Scotti
489 491 618 556 arbmes
639 491 677 555 in
698 490 789 555 sitris
812 493 975 556 caederent
985 493 1005 573 ²,
1029 492 1095 558 sioe
1116 493 1273 559 miraculo

154 582 304 664 stupebat,
338 602 399 663 quo
432 581 580 645 borreum
612 580 772 661 frumento
806 586 898 644 noctu
931 581 1104 662 repleretur
1112 583 1134 644 2.
1187 582 1273 647 Eius

155 671 245 752 fitius
259 670 492 735 Bobotenus
501 675 575 750 post
588 668 771 747 Bertntfum
787 669 887 734 abbas
900 669 1087 735 monasterii
1101 669 1273 737 Bobiensis

156 761 267 825 electus
288 765 342 840 est,
365 760 449 840 quod
469 764 592 823 centum
606 756 840 839 quinquopiuta
854 758 1002 822 monocbi
1016 765 1091 824 tuuc
1105 780 1273 843 occupasse

155 850 314 928 feramur.
360 848 398 912 Is
426 847 602 912 maximam
630 866 741 911 curam
769 845 934 928 prioitepii
964 848 1180 927 confirmandi
1208 871 1304 914 ame

150 936 340 1019 ptiondique
351 936 413 1018 epit
426 935 524 1016 itlius,
542 936 625 1015 quod
635 935 675 999 ab
687 934 835 998 Honorio
844 955 934 1016 papa
949 938 1090 1001 decessor
1100 944 1272 1020 acceperat,

155 1046 252 1107 eaque
282 1027 320 1090 de
348 1045 447 1089 causa
469 1023 662 1088 Rotbarium
689 1043 793 1104 repem
816 1024 1102 1105 Lonpobardorum
1128 1032 1159 1090 st
1185 1025 1273 1091 Gun-

156 1114 328 1195 diberpnm,
352 1114 408 1177 sub
431 1132 562 1193 quorum
583 1111 766 1191 defensione
787 1113 1014 1177 monasterium
1029 1113 1169 1194 positum
1193 1122 1272 1197 erat,

156 1202 247 1283 adiit,
271 1208 307 1266 ut
321 1203 410 1285 apud
430 1204 533 1266 sedem
548 1200 751 1282 apostoticam
766 1199 828 1265 sibi
843 1201 1109 1283 suffraporeutur.
1149 1204 1273 1268 Eorum

155 1289 379 1356 intercessione
404 1290 589 1355 Theodorus
604 1310 696 1371 popa
719 1311 750 1353 a.
768 1295 842 1369 643,
866 1289 917 1354 die
941 1297 971 1352 4.
988 1290 1088 1371 Maii,
1112 1290 1273 1358 Boboteno
1292 1318 1317 1358 ιο

157 1378 343 1462 ‘presbytero
365 1385 394 1443 et
416 1378 534 1444 abbati'
556 1384 694 1460 optatam
719 1376 882 1460 priribepii
909 1379 1180 1458 confirmationem
1203 1401 1273 1445 con·

155 1468 255 1534 cessit.
291 1467 387 1532 Patri
397 1466 584 1531 monasterii
598 1466 714 1548 totique
725 1466 961 1549 conprepationi
971 1467 1148 1549 episcopum
1159 1469 1273 1551 stipere

156 1557 275 1638 licebat,
294 1577 356 1638 per
378 1576 468 1637 quem
490 1555 664 1620 missarum
678 1555 842 1619 sottemnio
858 1556 1090 1621 celebrarentur
1112 1563 1170 1622 aut
1184 1579 1273 1639 pres·

156 1645 256 1728 bpteri
279 1645 468 1727 diaconique
497 1645 544 1708 oet
573 1643 699 1709 tabulae
728 1643 764 1707 in
794 1644 907 1725 quibus
929 1644 1045 1709 missae
1068 1645 1273 1712 celebrandae

155 1741 257 1799 essent
271 1739 540 1813 consecrarentur,
565 1753 693 1814 eumque
711 1732 937 1797 monasterium
952 1733 1139 1815 inpressum,
1163 1735 1273 1814 officio
1292 1762 1318 1802 ιι

155 1843 246 1888 sacro
275 1823 424 1904 absoluto,
455 1821 563 1886 statim
591 1821 682 1886 abire
711 1842 767 1886 nec
795 1821 962 1902 quicquam
985 1822 1087 1903 pretii
1108 1825 1274 1905 postutare

153 1913 208 1992 fas
237 1919 315 1978 erat.
363 1911 475 1976 Etiam
504 1910 630 1976 secretis
657 1910 845 1975 monasterii
873 1910 942 1994 ipse
965 1911 1202 1993 prohibebatur,
1233 1935 1273 1978 ne

154 2001 261 2083 quieta
282 2001 509 2065 monachorum
530 1999 597 2064 rita
620 2001 810 2064 turbaretur.
853 1999 1026 2064 Praeterea
1048 2001 1271 2083 sacerdotibus,

154 2090 220 2154 nisi
243 2096 345 2154 essent
373 2089 483 2170 uocati,
509 2094 648 2169 potestas
679 2087 806 2152 omnino
829 2089 920 2152 nubta
949 2089 986 2152 in
1009 2089 1200 2154 monasterio
1223 2111 1272 2154 eu·

154 2179 290 2243 ercemta
312 2184 381 2242 erat
411 2198 510 2258 neque
531 2176 568 2240 iu
590 2178 683 2241 rebus
705 2198 804 2257 nequis
826 2177 862 2241 iu
885 2177 1034 2258 personis
1061 2177 1273 2260 ordinandis·
1291 2202 1318 2242 so

155 2267 253 2331 abbas
275 2286 347 2329 oero
363 2272 439 2345 post
460 2272 589 2330 mortem
605 2265 716 2346 patris
733 2264 763 2328 is
782 2265 982 2330 ordinandus
997 2272 1075 2346 erat,
1100 2286 1189 2347 quem
1209 2274 1272 2332 toto

155 2354 354 2436 conprepatio
388 2353 536 2435 stepisset.
590 2353 750 2435 Inprimis
784 2354 923 2436 episcopo
958 2354 1142 2420 dioecesano
1175 2355 1271 2420 inter·

155 2443 272 2508 dictum
302 2449 380 2522 erat,
411 2464 451 2507 nc
472 2442 679 2525 prioitepium
708 2443 903 2525 iusrinperet
930 2450 986 2508 aut
1016 2443 1162 2509 ecclesias
1191 2445 1272 2510 deci-

154 2552 282 2613 masque
302 2531 489 2596 monasterii
511 2539 689 2613 usurparet.
730 2531 916 2613 Disciplina
939 2531 1027 2597 intra
1046 2533 1272 2598 monasterium

149 2621 241 2702 patri
263 2619 472 2701 conueniebat,
497 2619 549 2686 cui
571 2621 718 2686 monocbi
741 2620 839 2702 tepidi
861 2622 905 2685 aot
927 2622 1070 2702 reputem
1090 2621 1272 2704 corripendi
1290 2647 1342 2688 ss.

154 2716 266 2791 eraut;
283 2709 336 2774 siu
350 2709 417 2791 ipse
429 2731 499 2775 eam
510 2709 703 2792 neptenisset,
719 2708 1005 2790 sedisapostolicae
1019 2710 1272 2776 iurisdictionem

153 2799 279 2864 subibat
287 2800 308 2861 ³.
356 2797 483 2864 Similis
512 2798 691 2880 arpumenti
715 2805 919 2882 praeceptum
948 2801 988 2863 ab
1017 2799 1086 2880 ipso
1112 2799 1271 2864 Rotbario

153 2910 224 2971 repe
246 2888 437 2953 monasterio
461 2909 637 2953 concessum
660 2887 784 2952 uidetur
807 2908 880 2966 esse,
905 2907 999 2968 eoque
1015 2888 1153 2970 inspecto
1169 2887 1272 2952 Rodo-

153 2979 246 3043 aidus
275 2977 365 3058 fitius
397 2977 499 3060 ipsius
529 2977 701 3043 ‘Bobuteno
730 2975 838 3040 abbati
867 2982 896 3040 et
920 2977 1113 3059 presbytero'
1140 2998 1169 3040 a.
1196 2983 1270 3057 652,

153 3067 204 3132 die
234 3073 265 3132 4.
290 3067 480 3140 Nouembris
502 3089 617 3132 nonum
640 3065 733 3146 dedit,
764 3067 848 3145 qnod
873 3064 978 3129 adbuc
999 3072 1146 3146 superest.
1193 3066 1271 3146 Epi·
1290 3092 1317 3132 so

153 3156 238 3237 scopi
267 3156 447 3221 dioecesani
475 3162 623 3237 potestate
652 3155 784 3234 subbata,
821 3154 865 3217 ad
893 3155 1068 3218 sacrandos
1096 3156 1271 3219 sacerdotes

153 3244 329 3324 episcopum
352 3244 515 3324 quemlibet
543 3243 707 3307 monacbis
736 3263 894 3307 arcessere
922 3263 980 3306 ren
1002 3242 1160 3323 permisit,
1189 3244 1271 3307 dicus

153 3352 225 3396 nero
249 3331 447 3396 condiciones
470 3331 594 3411 adiecit,
625 3338 661 3395 ut
687 3330 823 3395 ‘deintra
846 3330 938 3413 repni
966 3330 1069 3412 ipsius
1092 3330 1269 3395 terminum'

153 3419 320 3501 stiperetnr
359 3426 452 3500 sitque
493 3421 604 3484 electus
646 3419 683 3483 in
722 3419 868 3483 notitiam
911 3419 1013 3500 ipsius
1051 3421 1272 3502 perferretur;

153 3508 227 3573 item
256 3508 381 3573 abbatis
409 3508 547 3590 stipendi
576 3508 759 3587 facultatem
787 3509 977 3573 monasterio
1005 3511 1106 3573 deuito
1130 3508 1269 3573 obtutit4.
1289 3533 1316 3574 ss

154 3718 180 3787 1)
200 3718 230 3772 V.
251 3718 366 3772 Cotumb.
387 3718 468 3782 J,15.
534 3717 724 3784 2)1o.1,17.
789 3717 816 3786 3)
835 3718 881 3769 Εα
899 3735 965 3785 quoe
978 3723 1121 3785 praetcrea
1139 3719 1169 3769 r'u
1182 3721 1271 3785 prini-

153 3790 221 3856 lepio
242 3790 342 3854 papati
365 3790 416 3854 (ed.
435 3792 465 3840 tu
492 3788 562 3843 Hist,
584 3791 694 3854 patriae
718 3804 833 3843 morsum.
854 3790 947 3843 Obori.
966 3790 990 3855 I,
1010 3791 1057 3844 cot.
1075 3792 1112 3851 b;
1138 3790 1174 3854 cf.
1194 3787 1274 3854 Jofft

152 3877 179 3914 n.
192 3859 291 3926 20532)
309 3867 485 3926 enarrantur,
505 3860 601 3912 scilicet
614 3862 725 3912 mitram
737 3861 845 3926 otioque
858 3861 1029 3926 pontificalia
1045 3861 1138 3912 abbati
1153 3875 1272 3912 concesso

153 3946 214 3996 csse,
231 3936 367 3997 suspectos
384 3930 448 3994 fodei
463 3938 542 3997 sunt,·
567 3934 600 3995 cf.
618 3931 766 3996 Muratori,
786 3932 900 3983 ‘Annali'
916 3930 1040 3982 d’Itatto’
1058 3932 1078 3983 1
1081 3933 1112 3999 V,
1125 3934 1168 3987 92.
1198 3932 1272 3999 Apo-

151 4002 277 4068 prophon
295 4004 364 4053 enim
382 4019 408 4056 a.
423 4004 500 4056 1172.
520 4009 662 4053 exoratum
688 4017 769 4068 quom
794 4005 910 4054 maxime
928 4003 1110 4055 adulteratum
1135 4007 1173 4053 cst
1190 4018 1271 4069 noque
1288 4013 1316 4052 40

152 4087 213 4123 osro
231 4073 300 4124 iuter
318 4075 505 4141 suppositicios
522 4074 644 4123 chortam
662 4073 791 4137 reseram,
815 4089 874 4124 cum
899 4073 1019 4138 formula
1036 4078 1193 4141 comparato
1211 4089 1271 4124 oum

152 4145 270 4208 pennino
304 4144 565 4208 Burpumtoforom's
599 4144 695 4194 oborta
730 4146 760 4195 in
795 4146 948 4195 uniuersum
985 4152 1106 4196 omstare
1140 4144 1269 4199 rideatur.

153 4213 181 4282 4)
208 4213 381 4280 Praeceptum
405 4214 538 4267 Rodootdr'
561 4215 614 4278 (ut.
633 4213 707 4269 Hist.
724 4217 833 4283 patriae
857 4230 972 4268 muium.
992 4215 1087 4270 Ohart.
1106 4215 1131 4276 I,
1156 4214 1203 4270 cot.
1224 4217 1271 4276 10)

153 4300 186 4334 eo
205 4285 361 4352 apoprapho
378 4301 444 4340 socc.
464 4286 514 4340 IX.
533 4292 582 4337 aut
599 4285 634 4339 X.
654 4286 752 4338 editum
773 4287 911 4354 pcrumtta
935 4287 1012 4338 oaldi
1029 4287 1125 4339 rustici
1140 4288 1271 4338 serraom's
