2978 4928
307 461 309 467 y
390 399 516 468 Iones
530 399 650 455 VITAE
670 399 898 456 COLUMBANI
915 400 1025 456 LIBRI
1042 401 1081 458 11.
1243 406 1295 460 103

178 588 271 663 atqice
301 588 401 646 tentus
428 604 496 646 cum
526 583 625 647 classe
656 583 863 665 praecedente
899 582 1128 648 necessitudine
1157 585 1296 665 quadam

179 671 364 735 coniunctus
386 677 448 735 est:

235 777 265 856 I,
285 784 312 841 1.
338 772 536 862 praeterita]
562 778 708 862 posteris
731 777 763 840 A
777 783 812 856 6;
844 799 904 861 per
928 782 1023 843 certa
1045 778 1093 841 nel
1115 800 1177 863 pro
1201 782 1295 845 certo

147 980 160 1017 s
249 953 292 1017 ih.
339 949 528 1038 quatiente]
555 955 777 1019 concuciente
800 955 865 1018 Ae
890 976 960 1019 eum
982 954 1086 1034 A5a;

234 1043 311 1122 La.
337 1065 403 1127 quo
426 1038 553 1127 truces]
578 1045 670 1126 quod
692 1047 807 1108 truces
831 1039 912 1120 Α6;
938 1045 1030 1126 quod
1054 1064 1172 1109 cruces
1195 1043 1294 1122 A5u;

235 1131 314 1211 I,3.
339 1127 428 1216 pilis]
454 1132 518 1195 A6
543 1153 613 1196 cum
640 1132 711 1194 Ae.
737 1137 789 1196 ba.
813 1131 865 1214 R,

236 1219 313 1300 Le.
338 1216 584 1305 Vicensimum]
609 1221 833 1286 Tricesimum
855 1220 920 1284 Ae
945 1241 1015 1285 cum
1038 1221 1113 1284 Ac.
1139 1226 1169 1282 5.
1192 1220 1235 1301 B,

180 1309 260 1373 sicut
281 1310 381 1374 locum
404 1331 429 1374 c.
447 1316 499 1373 20.
524 1310 569 1374 ud
582 1309 831 1391 Rapumundum
853 1315 1041 1391 spectantem
1055 1308 1209 1374 librarius
1228 1331 1298 1375 cum

136 1423 161 1460 ιο
180 1399 211 1460 Α
225 1405 254 1462 3,
274 1405 303 1462 5.
324 1397 358 1461 Β
393 1398 468 1462 bene
501 1397 649 1462 seruauit.
695 1403 847 1462 Attamen
882 1404 926 1462 tot
952 1397 1136 1479 peculiaria
1169 1398 1207 1462 iu
1240 1399 1297 1464 hoc

181 1486 283 1551 codice
299 1487 582 1568 deprehenduntnr,
604 1493 640 1550 ut
653 1485 757 1567 ipsum
772 1485 945 1568 separatim
960 1507 1146 1551 enumerare
1160 1488 1295 1552 mallem.

180 1574 375 1639 Postuerta
398 1596 422 1639 c.
442 1582 469 1639 1.
494 1577 636 1640 scientie
659 1577 757 1640 fonte
776 1575 841 1639 Ae
866 1574 956 1640 addit
979 1577 1136 1654 confessi,
1161 1575 1217 1640 uhi
1237 1574 1298 1640 alii

95 1720 98 1723 .
181 1663 250 1727 ulia
271 1663 552 1746 interpolaverunt,
584 1670 676 1746 atque
692 1664 792 1744 paulo
814 1663 908 1742 infra
931 1669 1016 1729 teuta
1038 1664 1166 1728 omniuo
1189 1664 1298 1728 immu-

182 1758 245 1816 tato
278 1750 362 1816 idem
395 1752 443 1816 ita
470 1751 597 1834 perpit:
630 1753 863 1836 refulgentem
898 1753 978 1817 stilo
1013 1755 1172 1837 pertenui
1204 1775 1298 1837 prae·

138 1864 162 1902 15
182 1842 387 1924 sumpsimus
418 1842 561 1925 adgredi
584 1841 701 1904 vitam.
749 1841 981 1904 Columbinus
1007 1842 1116 1924 igitur
1139 1843 1298 1925 simplici·

180 1933 290 1994 tatem
323 1931 429 1993 animi
459 1930 563 1993 etiam
593 1929 742 1993 nominis
764 1929 932 1993 vocabulo
963 1929 1102 2012 signans
1125 1935 1221 1994 ortus
1246 1934 1298 1995 est

183 2019 351 2083 Hibernia
375 2016 438 2098 (ita
460 2016 575 2098 incipit
598 2038 622 2081 c.
641 2018 688 2101 2).
731 2015 906 2081 Librarius
928 2016 1024 2082 uerba
1041 2038 1195 2099 persaepe
1217 2018 1298 2082 male

181 2106 364 2188 iutellepens
386 2111 502 2170 tentum
524 2104 637 2170 misere
660 2104 862 2187 depravavit:

238 2212 269 2292 I,
287 2218 317 2275 2.
341 2216 424 2277 note
447 2207 573 2296 litora}
587 2212 752 2277 nataliter
774 2234 834 2277 orn
857 2212 889 2276 A
903 2219 938 2290 6;

138 2325 164 2363 m
253 2300 295 2364 ih.
342 2303 490 2366 candore
514 2296 635 2385 terres]
661 2303 789 2366 candor
812 2306 847 2366 et
869 2306 980 2366 terras
1003 2304 1036 2364 A
1050 2306 1086 2379 6;

255 2389 298 2454 ih.
345 2391 458 2455 calore
481 2387 687 2473 madentem]
714 2391 860 2455 calorem
886 2391 930 2454 ud
953 2412 1089 2455 omnem
1112 2390 1145 2454 A
1160 2396 1195 2469 63

255 2478 296 2543 ih.
344 2474 560 2563 Exterorum]
585 2481 649 2544 heo
672 2483 827 2543 tororum
850 2479 882 2543 A
896 2484 925 2557 6,

183 2568 352 2649 alteroque,
386 2566 452 2632 nisi
485 2565 593 2648 fallor,
621 2588 743 2649 purum
772 2566 969 2633 articulatim
999 2567 1136 2634 dictante
1165 2567 1300 2633 codicem

183 2655 337 2721 eauruoit.

139 2767 164 2806 2⁵
289 2744 436 2827 Inspexit
456 2745 502 2809 H.
526 2744 668 2827 Lehepue
690 2767 718 2808 u.
743 2766 769 2810 c.

296 2851 421 2916 Classis
436 2851 556 2916 Italica
572 2851 642 2916 licet
660 2850 777 2916 modice
796 2857 969 2917 retractata
986 2851 1037 2933 sit,
1058 2851 1178 2932 aliquot
1195 2857 1301 2915 tumen

184 2939 261 3005 locis
272 2939 432 3005 lectionem
443 2961 551 3004 ueram
563 2939 800 3004 accuratissime
812 2961 1011 3005 conseruasse
1022 2938 1154 3020 uidetur,
1171 2959 1301 3019 maona-

184 3050 242 3109 que
265 3028 364 3092 eidem
387 3028 560 3093 auctoritas
582 3028 619 3092 iu
641 3030 734 3093 rebus
754 3028 974 3109 prummaticis
997 3034 1026 3092 et
1047 3025 1301 3110 orthopraphicis

184 3116 387 3180 attribuenda
414 3122 467 3180 est.
513 3116 624 3180 Huius
653 3115 738 3181 euim
767 3114 959 3180 recensionis
989 3115 1107 3180 codices
1134 3119 1303 3197 supersunt

139 3229 165 3266 so
185 3212 214 3270 et
235 3204 423 3284 antiquitate
447 3210 651 3287 praestantes
680 3211 709 3268 et
737 3209 882 3269 accurate
910 3202 1031 3285 scripti.
1076 3203 1123 3267 At
1145 3223 1207 3284 per
1229 3204 1302 3267 deos

184 3294 376 3357 immortales
398 3291 465 3356 dies
488 3298 558 3357 ater
580 3291 780 3357 bibliothecae
811 3291 1007 3357 Taurinensi
1029 3291 1158 3356 interim
1184 3291 1293 3356 illuxit

185 3382 221 3446 iu
251 3402 315 3463 qua
344 3379 537 3446 celeberrimi
557 3379 732 3446 Bobienses
760 3379 812 3445 illi
835 3380 954 3446 codices
976 3387 1190 3462 asservantur,
1222 3401 1302 3445 cum·

185 3492 243 3552 que
266 3470 303 3534 de
325 3470 394 3549 fato
424 3490 531 3534 eorum
554 3468 779 3550 pertimescens
809 3471 853 3534 ud
881 3468 1080 3534 bibliothecae
1103 3467 1303 3552 praefectum

185 3559 307 3623 litteras
341 3556 503 3639 dedissem,
538 3579 572 3622 eo
607 3557 742 3622 nimium
776 3564 922 3640 occupato
957 3558 1091 3623 Carolus
1120 3579 1219 3623 cernes
1253 3556 1303 3623 Oi·

142 3670 167 3708 ss
179 3648 270 3729 polla
288 3646 339 3711 uir
354 3646 560 3728 doctissimus,
585 3646 640 3729 qui
656 3668 726 3712 cum
740 3646 817 3712 aliis
831 3646 1050 3712 uniuersitatis
1066 3646 1303 3729 professoribus

185 3736 222 3800 in
253 3735 399 3817 reliquiis
429 3735 621 3801 ordinandis
654 3741 683 3800 et
715 3735 918 3802 restituendis
950 3758 1036 3801 nuuc
1068 3743 1223 3816 uersatur,
1258 3756 1303 3800 re-

185 3846 334 3906 sponsum
357 3823 504 3905 reddidit,
529 3825 699 3889 nonnullos
716 3846 732 3889 e
759 3825 795 3889 V.
814 3824 1001 3891 Columbaui
1017 3824 1174 3890 codicibus
1183 3823 1304 3905 primis

179 3919 254 3995 post
275 3913 458 3978 incendium
474 3911 582 3977 diebus
600 3935 621 3976 u
640 3934 672 3977 se
690 3912 774 3977 uisos
792 3934 971 3978 esse‘sauos
988 3913 1115 3995 uerique
1132 3934 1198 3976 uon
1212 3911 1304 3976 dissi·

186 4001 259 4066 mile
282 4023 347 4066 esse
370 4002 454 4083 ipsos
475 4000 657 4066 uetustiores
673 4001 707 4065 B
722 4002 804 4066 lab
823 4002 927 4067 adhuc
945 4008 1051 4066 entare
1067 4000 1212 4084 quamuis
1228 4001 1304 4082 plus

140 4090 328 4155 inminuere
358 4091 467 4171 laesos,
502 4089 574 4155 licet
594 4111 658 4172 pro
688 4097 769 4155 certo
792 4089 828 4155 id
857 4091 1028 4171 offirmare
1050 4091 1153 4155 nollet.
1201 4088 1304 4170 Sipha

186 4179 271 4243 enim
294 4178 386 4243 libris
408 4178 557 4261 imposita
578 4180 647 4259 fere
667 4179 776 4244 omnia
791 4179 961 4260 perierunt
982 4200 1080 4260 neque
1102 4177 1177 4258 lieri
1191 4181 1303 4258 potest,

186 4273 221 4331 ut
242 4266 316 4331 usui
339 4268 467 4348 publico
494 4266 559 4348 ipsi
588 4269 761 4333 truduntur
783 4267 848 4333 nisi
875 4268 967 4349 loupo
990 4267 1166 4332 interuallo.
1213 4265 1305 4328 Haec

188 4355 274 4420 testis
297 4356 413 4420 oculati
435 4358 531 4421 uerba
553 4356 640 4421 uiros
663 4356 817 4422 litteratos
840 4357 940 4420 celare
963 4355 1061 4419 nolui.
