2978 4928
387 406 512 474 IONAS‚
525 405 646 460 VITAE
666 405 894 461 COLUMBANI
911 406 1020 460 LIBRI
1038 407 1078 464 11.
1259 412 1292 465 73

283 589 316 654 A
334 587 408 671 lb9)
439 587 542 653 Oodcu
560 588 911 670 Eupelberpeusis
931 588 1118 653 mouasterii
1137 610 1167 653 u.
1187 595 1206 652 2
1227 588 1294 669 (au-

177 686 226 744 tea
249 700 281 743 u.
302 674 381 760 lit),
404 698 485 742 saec.
508 677 596 757 XII,
621 677 677 756 fol.
693 677 854 756 40‘-43,
879 678 978 741 solam
1001 678 1036 742 V.
1062 677 1202 758 Bertulfi
1225 699 1295 743 cum

176 767 342 832 miraculis
364 765 598 846 insequentibus
621 765 750 845 cullibet,
777 765 896 839 scilicet
918 765 971 846 ΙΙ,
989 772 1143 847 23-25,
1168 787 1296 848 cumque

177 863 278 920 tectus
299 855 347 919 ita
370 855 511 919 elesiuat:
534 857 625 919 dona
644 856 713 918 sint
731 859 792 918 aut
812 856 881 918 sint
899 856 1106 939 recipienda,
1132 857 1192 938 qui
1210 857 1296 920 talia

146 970 159 1010 s
178 947 309 1022 abnuit,
335 967 379 1008 an
396 945 586 1018 abicienda,
612 945 670 1027 qui
690 945 792 1007 huius
812 944 893 1007 fidei
912 941 1067 1027 pausis(l)
1092 966 1161 1009 non
1186 946 1296 1008 credit

178 1032 306 1116 (subscr.
343 1033 495 1115 Explicit
532 1033 605 1096 vita
643 1033 754 1096 saneti
789 1032 932 1097 Bertolfi
972 1037 1008 1098 et
1046 1033 1192 1098 aliorum
1229 1054 1296 1097 mo-

178 1125 366 1188 nachorum
391 1143 416 1185 s.
434 1119 660 1201 Columbani)‚
681 1119 849 1202 propriam
867 1120 963 1185 lcuius
980 1120 1128 1200 familiae
1146 1128 1297 1186 uaturam

177 1211 274 1290 facile
297 1209 483 1291 assequeris.

289 1318 404 1382 Tactus
427 1315 461 1378 V.
492 1315 678 1381 Uolumbaui
701 1336 802 1399 supra
826 1313 874 1396 (A
890 1315 991 1400 la...)
1020 1322 1220 1380 enumeratus
1243 1322 1296 1380 est.

134 1450 160 1488 ιο
179 1512 212 1577 m
286 1422 434 1522 iuspeuit
448 1423 487 1486 P.
505 1421 545 1487 G.
558 1423 588 1487 J
585 1424 696 1487 acober
711 1421 897 1487 mouasterii
912 1422 1177 1504 Eupelberyeusis
1193 1422 1298 1486 biblio

213 1532 347 1577 ecurrus.

286 1617 424 1698 Alb10)
461 1616 565 1681 Oodeu
601 1616 787 1681 mouaslerii
818 1617 851 1681 S.
880 1616 1080 1681 Florioui
1111 1640 1141 1681 u.
1167 1617 1243 1681 ΠΙ.
1268 1623 1297 1699 8,

181 1728 267 1772 auuo
290 1710 382 1768 1449.
402 1705 438 1769 iu
457 1705 648 1769 mouasterio
671 1705 904 1787 Wibliupeusil
928 1706 1024 1770 dioec.
1046 1705 1300 1771 Coustautieusis

175 1815 237 1876 per
252 1794 425 1876 Georgium
441 1795 527 1874 Spar
542 1800 571 1857 et
584 1792 770 1857 Martiuum
785 1794 885 1858 Imler
900 1800 1059 1875 exaratus,
1076 1796 1132 1875 fol.
1147 1795 1223 1857 268‘
1232 1815 1297 1876 sqq.

138 1908 162 1946 15
181 1886 288 1948 eadem
304 1889 396 1963 atque
407 1883 605 1965 praecederis
620 1881 756 1945 couliuel
775 1878 930 1965 (praescr.
940 1905 950 1946 .·
971 1884 1102 1967 Incipit
1116 1885 1189 1947 vita
1205 1884 1299 1948 beati

182 1972 328 2037 Bertulfi
359 1972 496 2036 abbatis
526 1976 561 2035 et
591 1971 736 2034 aliorum
768 1969 1035 2052 monachorum).
1086 1972 1201 2034 Tactus
1230 1992 1299 2034 cum

177 2060 301 2142 passim
324 2082 393 2125 cum
422 2057 553 2138 familia
575 2060 664 2123 Alb
695 2057 845 2139 couoeuit,
881 2065 946 2123 tum
979 2059 1017 2124 iu
1051 2059 1163 2124 iisdem
1197 2058 1300 2123 uerbis

183 2148 308 2230 desiuit,
340 2170 421 2229 quae
443 2168 482 2212 coc
505 2148 535 2210 A
555 2147 614 2210 lb⁹
636 2167 736 2227 suma
760 2147 860 2228 attuli,
895 2147 961 2212 uisi
991 2149 1074 2228 quod
1094 2150 1213 2232 paucis
1237 2168 1300 2229 pro

183 2239 299 2323 pausis
322 2236 548 2317 scriptumest,
577 2235 771 2316 similemque
793 2235 916 2301 exbibet
937 2236 1197 2320 subscriptionem
1205 2258 1215 2300 .·
1238 2237 1300 2300 Ex·

139 2352 164 2390 20
184 2328 283 2411 plioit
297 2328 371 2391 vita
389 2328 500 2390 saneti
517 2326 659 2390 Bertolfi
680 2325 814 2389 abbatis
833 2329 868 2390 et
887 2327 1033 2390 aliorum
1053 2326 1300 2410 discipulorum

184 2417 278 2481 beati
301 2415 507 2479 Columbani
530 2415 677 2479 abbatis.

295 2519 413 2604 Capita
430 2541 510 2602 quoe
528 2519 602 2584 buic
620 2519 701 2584 libro
716 2519 828 2584 iusuut
841 2522 968 2585 uerbum
984 2536 1045 2603 pro
1061 2522 1152 2585 uerbo
1167 2521 1302 2584 reddeus

184 2616 331 2675 accurate
349 2608 479 2674 coutulit
496 2609 669 2690 collataque
687 2607 777 2673 uobis
795 2608 1015 2675 liberalissime
1033 2608 1169 2673 tradidit
1184 2609 1221 2672 P.
1239 2609 1299 2673 Fr.

184 2699 390 2778 Ascustorfer
413 2696 598 2762 urouasterii
623 2698 656 2762 S.
676 2697 832 2762 Floriani
855 2697 1118 2763 bibliothecarius.

140 2828 166 2868 m
291 2805 323 2868 A
338 2807 388 2887 lc)
418 2803 522 2869 Oodeu
543 2803 902 2886 Wirriburpeusis
924 2803 1142 2869 urciuersitotis
1165 2804 1236 2884 Mp.
1258 2802 1300 2867 tle.

184 2895 301 2974 fliz-39,
333 2893 407 2956 olim
432 2893 465 2957 S.
487 2891 641 2975 Stcplcoui
663 2892 849 2958 monasterii
871 2892 986 2956 ibidem
1008 2892 1072 2972 siti,
1103 2913 1184 2957 saec.
1211 2891 1301 2956 XII.

185 2982 231 3045 iu.
255 2988 405 3046 euocatus
428 3003 449 3046 a
467 2982 645 3060 Lamberto,
668 2980 724 3062 qui
745 2980 813 3062 ipsc
836 3002 948 3046 uorueu
970 3002 1061 3045 suum
1081 2980 1218 3064 posteris
1240 2986 1302 3044 tra·

171 3069 268 3135 didit
290 3090 380 3152 opere
403 3070 542 3134 absoluto
564 3069 730 3150 fol.127‘:

232 3177 308 3241 Hoc
332 3177 537 3241 Lambertus
560 3198 624 3259 ego
648 3177 820 3260 descripto
844 3196 996 3259 quosque
1020 3174 1139 3240 libello

141 3290 168 3330 so
275 3265 439 3349 Supplieo
463 3266 609 3331 lectores
633 3285 704 3330 esse
728 3265 795 3330 mei
819 3284 995 3341 memores,

187 3377 278 3452 atque
300 3370 451 3452 quicquid
472 3370 692 3455 descripserat,
715 3369 858 3435 uersibus
880 3368 1113 3453 comprebeudil
1135 3368 1237 3434 hisce:

232 3477 319 3541 Oum
343 3478 520 3562 Stephano
544 3478 640 3542 Petri
665 3479 807 3561 designo
830 3478 993 3560 ligamine
1018 3477 1120 3541 metri

232 3567 373 3631 Librum
398 3570 602 3650 presentem,
628 3567 791 3650 capitella
814 3586 875 3651 per
899 3567 983 3630 haee
1006 3566 1221 3649 gradientem

232 3654 361 3720 Ordine
384 3676 455 3719 non
477 3655 555 3720 vili:
581 3655 659 3719 Stas
682 3657 823 3740 primus,
848 3676 971 3738 magne
996 3654 1119 3730 Basili;

232 3745 291 3808 Bis
315 3747 421 3826 caput
445 3748 498 3808 ast
522 3745 650 3808 sanctis
674 3744 870 3808 ostenditur
892 3745 973 3808 inde
997 3744 1173 3807 Iohannis.

231 3833 380 3916 Remigii
403 3833 524 3896 miram
548 3833 676 3897 retinet
699 3854 771 3898 sors
794 3833 902 3898 tercia
918 3833 1051 3908 Vitam;

232 3923 417 3986 Pontifices
440 3942 607 3985 summam
630 3925 701 3985 tres
725 3926 849 4004 quarta
872 3925 1011 3985 catenat
1034 3921 1071 3984 in
1095 3942 1198 3983 unam

231 4012 369 4094 Agmen
390 4010 434 4073 ad
458 4011 523 4074 hoe
546 4011 708 4074 vinctam.
750 4011 803 4073 Tu
827 4014 951 4074 metam
977 4010 1112 4092 posside
1136 4009 1301 4092 quintam,

232 4100 329 4163 Binis
353 4099 531 4182 discipulis
553 4103 599 4176 te,
624 4103 742 4163 sancte
766 4099 944 4175 Columba,
969 4099 1105 4174 secutis,

142 4324 169 4363 ιο
189 4307 215 4377 1)
242 4307 283 4373 Of.
302 4307 341 4362 W.
360 4306 543 4370 Wattcubactr,
566 4307 667 4361 ‘Arclu'
684 4307 719 4373 X,
743 4325 770 4375 p.
789 4310 862 4370 430;
888 4306 921 4360 A,
942 4306 1054 4371 dearum,
1081 4305 1141 4356 ‘Dte
1165 4303 1229 4358 Hes.
1255 4304 1304 4355 dor

187 4378 410 4442 Stiftsblbliotbalc
428 4378 466 4433 St.
479 4378 613 4444 Floriau’,
632 4378 747 4430 Liuiano
766 4380 843 4443 1871,
858 4395 887 4445 p.
901 4379 962 4431 241.
