2978 4928
234 320 254 372 4
450 313 575 382 lom,
588 311 708 369 VITAE
727 311 956 368 COLUMBANI
973 312 1083 368 LIBRI
1100 313 1140 372 H.

236 499 331 565 lutera
358 497 601 580 praedicabant,
638 515 828 577 quocunque
854 495 1092 577 perveniebant.
1137 496 1361 565 Oolurnbanus

236 609 306 653 auur
326 594 433 669 pentes
461 608 493 651 se
524 583 728 650 visitaturum
750 584 855 665 eisque
878 583 1074 666 cuanpelinrn
1090 586 1359 667 praedicaturum

235 675 368 741 uouisset
376 677 397 756 1,
428 682 533 740 tamen
555 673 688 738 salutern
711 673 776 738 seri
798 694 862 737 non
882 693 976 754 posse
998 672 1153 738 intellexit
1173 674 1240 740 nisi
1263 677 1358 742 certis

236 764 393 830 collocatis
427 761 607 829 domiciliis.
653 761 868 841 Manifestum
901 760 985 826 enirn
1018 769 1089 827 erat
1116 763 1359 846 pereprinautis

228 852 502 936 praedicationem
531 851 673 929 effectum
701 849 883 933 promueri
911 871 1032 931 parurn
1061 851 1213 934 stabilm,
1249 874 1394 935 quone

235 961 331 1023 quarn
345 963 384 1007 ea
399 962 479 1023 quae
488 939 700 1022 praedicabat
708 938 846 1023 proprio
857 959 977 1020 quoquc
987 940 1125 1022 eaeruplo
1136 943 1356 1020 confirmabat.

242 1031 342 1097 Urbes
365 1036 479 1111 autern,
506 1049 587 1111 quac
609 1029 654 1092 ad
675 1049 774 1093 nouos
796 1026 987 1108 disciplinas
1011 1031 1241 1112 prapapandas
1263 1030 1358 1097 bodie

235 1118 365 1184 eisitan
387 1119 494 1199 solent,
525 1116 728 1199 contemptori
757 1115 853 1181 buius
875 1116 988 1181 rnundi
1009 1138 1109 1199 neque
1131 1117 1359 1185 conveniebant

235 1228 334 1289 neque
350 1213 482 1289 propter
504 1205 661 1288 episcopos
684 1206 839 1287 patebant
859 1225 898 1269 cn
920 1204 1036 1286 causis,
1066 1208 1104 1270 de
1126 1206 1238 1288 quibus
1259 1207 1357 1287 infra

236 1296 454 1362 disserendum
476 1301 529 1377 est,
553 1296 609 1359 sed
626 1293 741 1359 deserti
758 1293 847 1376 quies
862 1292 892 1358 ei
906 1292 962 1375 qui
976 1295 1100 1359 saeculo
1114 1294 1358 1362 renuntiaverat
1376 1327 1410 1366 aa

236 1384 345 1470 aptius
367 1383 512 1466 elipando
534 1389 612 1464 erat,
635 1389 671 1447 ut
685 1383 822 1464 eneruplo
837 1388 867 1446 ct
881 1402 974 1465 opere
988 1389 1154 1448 sectatores
1168 1383 1355 1468 acquireret,

235 1495 293 1539 nec
307 1473 410 1555 nsum
425 1493 492 1538 reru
503 1471 655 1551 fefellisse
670 1492 708 1536 ecc
722 1471 833 1549 effectu
845 1470 950 1553 collipi
959 1477 1070 1553 potest.
1097 1472 1207 1554 Ipitur
1220 1472 1258 1538 in
1268 1472 1357 1538 Bur-

234 1562 389 1645 pundiaon
404 1561 569 1644 profectus
584 1559 878 1642 pereprinationeua
899 1581 990 1625 narn
1012 1560 1186 1642 interrupit
1207 1567 1299 1643 atque
1316 1561 1357 1628 ln

235 1672 338 1717 neruo
360 1649 478 1732 Vosapi
499 1648 616 1714 montis
639 1669 725 1714 anno
749 1654 824 1713 591.
849 1649 960 1713 cellula
983 1653 1182 1715 constructa2
1204 1651 1354 1733 consedit,

235 1739 354 1806 scilicet
375 1739 411 1804 in
428 1745 531 1805 castro
549 1737 624 1803 olion
642 1737 749 1803 diruto
764 1736 816 1803 cui
834 1757 948 1801 nomen
963 1742 1033 1802 erat
1047 1738 1253 1820 Anaprates⁸
1266 1739 1359 1805 baud
1376 1768 1409 1810 ιε

229 1829 345 1912 procul
362 1850 384 1892 a
398 1827 519 1908 finibus
534 1827 716 1906 Succorum,
741 1825 796 1908 qui
814 1824 1042 1891 latrocinantes
1059 1847 1156 1908 usque
1178 1826 1215 1892 in
1233 1848 1270 1891 ca
1285 1828 1357 1893 loca

229 1917 547 2000 proprediebautur4.
592 1915 688 1981 Cibus
709 1914 748 1979 iu
766 1914 844 1980 locis
865 1913 988 1996 aspreris
1005 1934 1044 1979 aa
1066 1915 1238 1996 scopulosis
1259 1914 1356 1980 initio

235 2006 315 2072 satis
344 2005 448 2070 tenuis
476 2011 554 2085 erat,
584 2003 703 2069 scilicet
731 2002 860 2069 cortices
886 2004 1036 2067 arborurn
1058 2003 1232 2085 barbaeque
1253 2004 1356 2069 saltus

235 2101 264 2160 et
285 2094 438 2177 inprimis
464 2093 607 2175 paruula
636 2092 695 2156 illa
718 2112 826 2174 pauca,
861 2110 941 2172 quae
967 2090 1099 2169 frutices
1122 2091 1253 2173 rubique
1274 2091 1356 2171 fere-

237 2184 313 2247 bant
327 2202 466 2264 quoeque
482 2182 627 2263 bullupas
641 2181 732 2261 culpo
747 2180 950 2260 appellabant
959 2180 971 2218 ⁵
977 2201 991 2262 ,·
1012 2181 1068 2244 secl
1084 2179 1197 2262 inopia
1211 2180 1356 2246 munima
1375 2211 1410 2252 ω

236 2271 384 2352 instante,
408 2269 478 2352 piis
500 2267 798 2351 pereprinatoribus
826 2267 926 2333 uicini
948 2269 1057 2348 fideles
1079 2268 1232 2334 alimenta
1254 2290 1355 2334 neccs-

236 2359 329 2424 saria
358 2358 447 2440 equis
475 2357 654 2422 calentibus
683 2356 869 2437 afferebant,
903 2357 987 2422 uelut
1012 2356 1231 2423 (larantocus6
1256 2358 1356 2424 abbas

236 2446 424 2513 monasterii
447 2446 566 2511 Salicis
588 2445 704 2527 etipse
726 2444 917 2527 alienipena,
945 2445 1063 2510 scilicet
1084 2445 1193 2511 Britto
1204 2447 1223 2511 ⁷.
1275 2446 1356 2512 Qun

236 2558 342 2601 omnes
357 2556 460 2618 parco
483 2534 551 2600 cibo
573 2541 628 2598 aut
650 2534 737 2614 farne
760 2554 888 2599 carnern
907 2535 1137 2617 uoluptatesque
1160 2540 1358 2601 contererent

235 2624 364 2706 Deoque
386 2623 579 2702 inartificata
594 2626 733 2688 nenibra
748 2623 908 2704 offerrent,
931 2629 1037 2688 tanuen
1057 2623 1269 2689 Colrcrubanus
1285 2623 1356 2705 ipse
1375 2656 1409 2697 ει,

234 2714 339 2778 adlcuc
361 2713 546 2778 seueriorem
569 2711 653 2776 oilae
676 2711 832 2776 rationem
854 2711 1026 2794 inpressus,
1055 2712 1163 2777 diebus
1186 2710 1356 2778 doruiniais

234 2801 370 2882 aliisque
392 2801 483 2881 festis
501 2799 837 2883 appropinquantibus,
863 2803 899 2865 de
917 2801 1023 2866 uzedia
1038 2800 1196 2865 sodalium
1209 2800 1355 2866 societate

232 2892 395 2956 recedebat
422 2897 515 2972 atque
544 2889 580 2954 iu
607 2896 757 2955 secretam
786 2888 883 2954 erenei
910 2911 1036 2973 specurn
1065 2910 1099 2954 se
1120 2889 1291 2971 recipiebat
1312 2891 1353 2955 ab

232 2981 400 3062 Anaprate
423 2979 510 3044 circa
532 2985 645 3060 septen
668 2977 761 3042 ouilia
784 2977 962 3059 distantem,
986 2983 1022 3041 ut
1036 2979 1152 3059 absque
1167 2977 1253 3042 curis
1267 2977 1354 3042 solus

231 3068 352 3134 ieiunio
386 3068 584 3150 orationique
621 3074 750 3133 vacaret
786 3066 994 3150 relipionique
1032 3087 1065 3130 se
1103 3067 1244 3148 noerae,
1282 3086 1354 3132 curn
1373 3098 1408 3140 aa

232 3157 390 3236 fratribus
413 3165 516 3222 auteur
539 3157 756 3222 conmerciuru
773 3177 836 3238 per
857 3154 1042 3220 aulacistrurn
1057 3155 1112 3236 qui
1134 3154 1238 3236 apsuru
1261 3155 1352 3219 carni·

232 3247 359 3309 tabotur
373 3246 582 3310 Denicalern8
605 3245 732 3310 nomine
755 3247 924 3310 exercebat.
963 3243 1009 3307 In
1027 3243 1159 3308 saltibus
1176 3242 1261 3308 auiis
1280 3264 1352 3308 curn

230 3332 313 3411 feris
336 3354 427 3415 saepe
450 3333 710 3415 conprediebotur
732 3353 830 3414 neque
848 3354 921 3397 cero
938 3333 987 3397 uel
1006 3332 1190 3413 rapaciores
1213 3331 1242 3397 ei
1265 3352 1352 3396 uoce-

232 3421 315 3502 baut,
346 3423 402 3485 sed
423 3421 479 3502 qui
501 3442 603 3503 prope
625 3443 733 3502 specus
756 3441 836 3502 quas
858 3421 1062 3503 fh⁴cqceentare
1085 3421 1203 3485 solebat
1224 3441 1352 3485 conmo-

230 3511 389 3573 rabautur
410 3509 481 3573 ursi
504 3510 632 3591 lupique
648 3508 751 3589 ipsius
767 3508 865 3573 iussis
881 3509 990 3591 potius
1009 3509 1250 3590 oboediebant⁹,·
1273 3508 1351 3573 arni·
1371 3541 1407 3582 aa

230 3597 354 3663 aissirne
377 3597 461 3662 enirn
484 3619 554 3662 cuni
573 3597 679 3662 bestiis
693 3597 889 3663 siluestribus
903 3597 1020 3663 ciuisse
1042 3597 1175 3679 uidetur,
1199 3599 1244 3663 ad
1260 3596 1352 3662 cuius

229 3686 398 3768 inperium
429 3686 519 3766 ferae
542 3707 674 3768 aoesque
697 3692 828 3752 testante
856 3686 1065 3770 Cleapuoaldo
1087 3687 1235 3752 ministro
1258 3686 1350 3751 disci-

222 3776 360 3857 puloque
394 3775 501 3840 station
534 3775 687 3856 uenerint,
723 3797 802 3856 quas
835 3797 935 3840 orrauu
965 3775 1133 3842 blandiens
1155 3777 1349 3857 attrectabat,

228 4003 255 4069 l)
277 4002 435 4054 Columbanr'
452 4019 490 4070 cp,
508 4002 561 4067 IV,
580 4004 643 4057 Ma.
663 4003 716 4069 Ep.
736 4003 793 4069 III,
807 4020 837 4070 p.
852 4003 911 4057 167.
985 4001 1012 4072 2)
1034 4003 1076 4067 Of.
1093 4003 1124 4059 V.
1145 4003 1260 4058 Columb.
1279 4002 1349 4068 I,8:

227 4072 338 4125 secessit
362 4089 379 4124 a
404 4073 509 4128 cellula.
582 4073 609 4144 3)
635 4074 676 4128 Ib.
696 4075 720 4140 I,
740 4076 764 4129 6.
843 4074 871 4140 4)
892 4073 933 4129 lb,
952 4072 976 4140 I,
995 4075 1020 4129 8.
1101 4075 1128 4141 5)
1149 4074 1291 4142 Ib.1,9;
1313 4077 1405 4139 efai>

227 4159 247 4198 c.
261 4147 304 4199 27.
378 4143 404 4214 6)
424 4145 463 4198 lb.
483 4145 544 4209 I,7.
616 4148 642 4213 7)
664 4147 704 4198 De
721 4148 778 4197 cius
795 4147 901 4197 nonarius
917 4163 940 4199 a.
958 4146 1078 4197 Ztneucer·
1096 4147 1171 4213 apud
1188 4146 1223 4199 A.
1239 4144 1347 4213 Houclc,

225 4215 438 4336 ‘IKtrcbeupescla
458 4217 664 4268 Deutsclclauds'
682 4216 797 4284 I,266³.
876 4218 905 4285 8)
925 4215 957 4272 V.
977 4216 1092 4271 Columb.
1111 4217 1174 4281 I,9.
1253 4217 1282 4284 9)
1306 4215 1349 4272 Io,

243 4289 293 4353 ,8.
311 4288 354 4342 27.
