2978 4928
225 435 279 488 320

464 431 590 500 IONAS,
603 430 699 487 VITA
712 431 901 487 VEDASTIS
919 431 1103 488 EPISOOPI.

385 608 462 662 dium
492 608 661 678 attinebant,
693 609 785 663 divino
816 613 980 680 suggerente
1010 609 1156 679 suffragio,
1186 609 1347 678 plenissime

384 679 482 736 hausit.
514 679 620 733 Verum
638 680 666 733 in
684 679 725 734 his
738 680 864 734 omnibus
876 681 953 733 nullo
966 681 1065 734 abusus
1077 684 1126 747 ast,
1145 680 1193 734 sed
1205 680 1346 748 gradatim

384 751 421 805 ad
438 768 545 804 summa
562 752 692 820 aspirans,
711 769 776 805 vere
794 753 943 805 secundum
961 751 1051 806 Deum
1070 756 1098 804 et
1116 769 1169 819 que
1188 751 1260 804 illius
1279 757 1346 805 sunt

385 822 497 876 demum
514 821 702 890 phylosofatas
722 826 770 891 est,
789 827 821 876 ut
839 824 928 876 solum
940 822 1030 876 Deum
1049 826 1077 875 et
1094 823 1266 876 voluntatem
1285 822 1345 876 eius

385 897 412 947 et
439 898 569 962 precepta
596 894 807 962 amplecteretur
832 898 922 947 certus
947 894 981 948 de
1009 893 1129 962 reposito
1155 893 1255 947 fructu.
1299 895 1344 946 Ea
1367 911 1384 951 o

384 981 452 1033 quac
474 967 504 1017 io
529 966 614 1018 altaro
636 967 749 1032 proloqu
776 967 872 1018 cadmia
896 967 971 1020 Bao
994 973 1144 1033 aequantur
1167 966 1264 1018 verba:
1289 964 1344 1017 De·

383 1053 459 1088 mum
480 1068 516 1075 -
537 1039 565 1090 et
582 1035 639 1089 vite
662 1041 763 1092 eterne.
800 1034 922 1105 Explicit
946 1036 1076 1104 prologus
1101 1038 1181 1089 ctiam
1207 1039 1237 1089 io
1261 1037 1345 1090 Ionae

385 1108 508 1174 opusculo
533 1108 693 1176 interpolato
718 1109 851 1174 loquatur,
876 1110 945 1159 sicut
970 1124 1001 1160 aa
1024 1110 1103 1173 infra
1128 1109 1266 1174 mammet.
1303 1109 1345 1160 De

384 1179 469 1231 Leuce
486 1181 576 1231 conati
588 1181 686 1246 patria
703 1196 727 1233 v.
744 1179 965 1244 ‘Mittheilunpcn’
978 1179 1059 1245 XIV,
1073 1195 1103 1245 p.
1116 1180 1194 1245 434J.
1225 1178 1344 1232 Domum

384 1249 555 1302 beatissimus
581 1250 642 1317 plus
667 1266 750 1317 quam
783 1249 939 1302 adolescens
967 1252 1095 1318 parentes
1124 1248 1203 1318 fugit,
1234 1248 1345 1302 divitias
1363 1267 1394 1306 ro

385 1320 549 1388 contempsit
573 1324 701 1388 paternas
726 1323 754 1373 ct
778 1321 895 1389 gloriam
921 1323 949 1373 et
974 1319 1154 1389 amplissimas
1182 1320 1344 1388 prediorum

383 1392 599 1459 possessionem,
627 1390 683 1443 acsi
707 1391 866 1444 brevissime
892 1395 995 1444 assent:
1025 1391 1065 1444 ita
1095 1391 1213 1459 patriam
1240 1391 1344 1459 evasit3

384 1463 516 1530 applicuit
551 1461 661 1515 tandem
694 1460 733 1514 ita
764 1462 908 1529 solitarius,
939 1461 978 1515 ita
1002 1479 1103 1515 vacuus
1128 1462 1164 1515 ad
1188 1461 1264 1529 fines,
1296 1462 1344 1529 qui

384 1536 553 1586 Alamannos
571 1533 748 1602 prospiciunt.
786 1533 830 1588 Ibi
856 1533 890 1586 de
914 1533 976 1586 loco
1002 1533 1037 1586 ad
1062 1534 1277 1601 locumrpauper
1296 1549 1344 1586 ex·

384 1605 470 1658 ulavit
494 1621 545 1673 pro
571 1621 664 1657 amore
681 1603 734 1658 Dei
759 1607 787 1658 et
805 1605 861 1658 vite
887 1607 1004 1658 aeterne.
1040 1603 1078 1656 Et
1096 1605 1160 1672 quia
1178 1608 1256 1657 tanto
1274 1607 1342 1658 tem·
1364 1623 1393 1663 re

383 1692 452 1743 pore
476 1675 505 1728 in
529 1675 653 1744 partibus
679 1675 733 1728 illis
758 1679 932 1729 conversatus
958 1675 1019 1742 fuit,
1044 1676 1134 1729 incole
1157 1675 1231 1728 illius
1252 1676 1344 1743 patrie

384 1745 609 1800 existimaverunt
621 1745 698 1799 illum
712 1751 740 1801 et
752 1746 841 1800 adhuc
854 1746 1010 1799 existimant
1021 1746 1050 1799 in
1062 1747 1153 1814 Tullo,
1171 1750 1238 1800 tunc
1250 1747 1343 1816 opido,

383 1835 456 1870 nunc
481 1817 601 1884 civitate,
626 1817 708 1871 fuisse
732 1822 837 1886 natum,
862 1825 885 1870 at
909 1820 982 1872 Bao
1004 1820 1114 1885 decinit,
1141 1835 1218 1870 ocrea
1243 1835 1297 1871 uno
1320 1825 1344 1870 at

383 1890 494 1942 dimidio
511 1892 602 1942 oacua'o
619 1891 726 1956 rels'cta'a,
746 1896 768 1942 at
785 1895 874 1942 umus
891 1889 1120 1956 Henachcaionua,
1138 1892 1169 1943 io
1186 1905 1238 1957 quo
1259 1892 1343 1943 into·-

379 1961 483 2027 polutio
501 1961 601 2028 duplae
620 1961 720 2013 coaluit
737 1968 762 2014 ct
779 1962 863 2013 Ionas
880 1967 904 2012 ct
924 1961 1039 2016 Alcuim'.
1362 1983 1394 2022 ,ο

384 2140 449 2188 Gap.
464 2139 502 2180 10.
532 2139 556 2177 N
560 2142 616 2178 ota.
659 2138 680 2190 a)
695 2139 728 2177 lta
741 2139 827 2188 sprevit
840 2139 892 2178 add.
907 2138 998 2177 Heracle.
