2978 4928
399 429 524 498 IONAS,
537 428 658 484 VITAE
677 427 906 483 OOLUMBANI
923 428 1032 483 LIBRI
1050 429 1089 487 II.
1252 434 1303 488 139

185 613 274 692 nl,
299 633 379 676 suec.
406 612 508 676 XIV.
555 612 599 676 In
629 633 698 676 eum
729 612 872 676 ordinem
902 633 961 692 333
995 611 1113 676 editum
1147 619 1193 676 est
1225 633 1304 695 opus

185 703 345 765 redactum
375 723 439 765 esse
468 701 667 766 coniecerunt
697 723 718 765 3
740 700 888 765 Iohanne
917 701 1127 782 03333333
1151 699 1180 781 (t
1208 701 1302 782 1464)

184 790 325 869 fratrum
348 788 551 854 eremitarum
576 791 609 854 S.
633 788 810 870 Aupustini
840 789 877 853 in
901 789 1045 854 coenobio
1074 789 1303 855 Oantuariensi

184 878 296 959 sodali,
323 884 433 959 postea
456 879 545 943 333333
568 878 694 943 ordinis
717 877 921 958 3333333333,
954 878 1044 943 33333
1073 879 1199 943 nomine
1221 877 1305 943 iliud

149 993 162 1032 3
184 967 275 1031 nodie
299 967 529 1048 circumfertur,
554 989 652 1048 neque
673 988 745 1031 3333
768 966 805 1030 in
824 966 981 1031 codicibus
999 988 1096 1048 33333
1115 967 1151 1031 33
1166 967 1304 1032 editione

177 1055 326 1137 principe
348 1055 451 1137 ipsius
472 1056 588 1120 mentio
610 1058 657 1135 fit.
695 1057 847 1119 Attamen
870 1055 943 1120 3333
964 1056 1087 1120 auctori
1104 1055 1304 1136 ‘Cataiopum

183 1144 249 1208 sine
271 1143 453 1226 Lependum
475 1151 656 1209 sanctornm
679 1144 828 1225 Anpliae'
852 1145 1008 1225 cupressis
1033 1145 1136 1209 uerbis
1159 1144 1306 1209 attribuit

183 1234 348 1298 Henricus
369 1233 528 1298 Wioarton
551 1233 784 1314 archiepiscopo
812 1232 1040 1298 Cantuariensi
1069 1255 1090 1297 a
1120 1233 1223 1298 sacris
1253 1235 1303 1298 do-

183 1321 320 1386 mesticis
342 1321 572 1403 enpiiatamque
588 1343 653 1387 esse
668 1321 837 1386 historiam
852 1321 947 1386 istam
963 1322 1088 1387 addidit
1112 1321 1159 1386 ‘eu
1181 1321 1304 1404 inperiti

140 1439 166 1476 10
184 1432 222 1475 ac
245 1411 382 1493 3333333
405 1413 575 1475 admodum
603 1410 760 1474 uolumine
782 1406 919 1475 eiusdem
943 1411 1130 1493 3333333333,
1161 1413 1245 1492 qnod
1265 1411 1304 1476 in

184 1499 369 1564 bibliotheca
401 1498 591 1564 0333333333
625 1500 692 1563 Ms.
728 1500 952 1564 3333333331.
1006 1501 1097 1565 Haec
1131 1502 1226 1565 33333
1260 1502 1305 1565 ud

185 1587 415 1669 Sanctiiopium
449 1590 532 1669 quod
564 1609 599 1652 33
632 1609 708 1653 3333
730 1588 899 1670 Lependae
933 1590 1055 1654 subesse
1090 1589 1159 1653 diui
1186 1590 1303 1672 procui

184 1677 277 1740 dubio
308 1677 477 1756 referendo
507 1683 588 1758 sunt,
620 1699 748 1759 cumque
777 1677 856 1741 33333
885 1677 941 1741 oin
964 1701 984 1742 3
1007 1699 1162 1759 quoquam
1185 1677 1303 1760 333333·

183 1765 249 1829 3333
265 1765 437 1846 potuerint,
461 1765 635 1848 033333333
658 1787 771 1830 nomen
795 1766 884 1829 tituto
898 1769 1076 1831 radendum
1091 1766 1222 1831 minime
1238 1788 1303 1831 esse

139 1882 165 1921 15
184 1876 299 1919 censeo.
339 1854 469 1936 Ρ333333
491 1855 546 1935 333
565 1855 728 1935 praecedit
743 1855 919 1919 clausulam
936 1855 1043 1936 potius
1061 1855 1192 1920 editoris
1207 1876 1303 1936 quam

183 1943 323 2007 auctoris
346 1943 450 2024 operis
472 1965 537 2008 3333
559 1944 644 2007 33333
659 1965 765 2008 omnes
783 1949 905 2008 constat
919 1950 1010 2024 33333
1026 1944 1120 2007 etiam
1136 1944 1173 2008 in
1189 1944 1302 2025 priore

183 2038 267 2096 tectu
297 2033 382 2096 iocus
416 2033 625 2114 deprenensus
654 2038 708 2113 est,
741 2032 796 2113 qui
825 2032 862 2096 in
891 2031 1064 2112 033333333
1094 2054 1204 2095 aecum
1234 2053 1302 2096 con-

183 2120 290 2185 uenire
312 2143 378 2185 333
400 2121 531 2202 uidetur,
556 2121 621 2185 sioe
643 2121 696 2185 3333
720 2127 799 2184 33333
821 2122 861 2184 ab
880 2120 996 2185 editore
1019 2120 1148 2184 additus
1171 2120 1302 2185 estsine

184 2230 205 2271 a
225 2208 404 2291 033333333
420 2210 624 2293 conscriptus,
645 2233 666 2274 3
681 2208 852 2274 recentiore
866 2209 1083 2289 interpolatus.
1121 2210 1302 2274 Sermonem

139 2298 312 2366 winierium
335 2321 400 2364 333
423 2305 618 2381 3333333333
644 2297 863 2379 0333333333
886 2318 950 2362 esse
966 2297 1185 2378 persimilem²
1208 2305 1301 2379 33333

184 2408 223 2451 eoo
252 2390 356 2452 eodem
380 2390 511 2469 3333333
540 2386 742 2468 333333333333,
776 2393 931 2450 auctorem
961 2386 1064 2466 ipsius
1093 2386 1188 2451 etiam
1218 2387 1300 2452 33333·

182 2477 295 2556 pendis
316 2485 497 2542 sauctorum
526 2475 600 2541 ritis
629 2496 756 2557 operam
785 2476 914 2556 dedisse,
945 2476 1076 2539 eundem
1105 2475 1207 2557 333333
1236 2498 1302 2542 3333

185 2572 340 2629 33333333
370 2566 481 2646 333333.
533 2567 648 2630 Tentus
678 2585 759 2645 uero,
795 2564 849 2645 333
877 2585 939 2646 333
962 2565 1144 2646 Lependam
1174 2567 1218 2630 ad
1243 2587 1302 2630 nos

178 2661 398 2737 peruenerunt,
429 2676 523 2736 quam
552 2654 690 2718 manime
719 2653 884 2719 retractati
913 2659 1005 2735 33333
1031 2653 1067 2717 33
1091 2657 1180 2719 breue
1203 2654 1302 2719 coacti

140 2772 165 2811 33
184 2749 259 2806 scint
280 2765 377 2824 33333
400 2747 437 2808 de
460 2744 496 2806 V.
522 2742 719 2824 0333333333,
743 2765 823 2823 quae
845 2743 900 2821 fot.
920 2742 1082 2806 ὅδ’-63.
1107 2743 1144 2806 33
1167 2742 1302 2808 editione

178 2832 335 2912 principe,
358 2855 390 2912 3.
408 2839 607 2897 noc—216.
632 2832 707 2895 tomi
730 2833 761 2895 Ι.
785 2831 822 2895 33
845 2831 1062 2895 recentissima
1085 2838 1221 2912 occupat,
1255 2832 1301 2896 iu·
1332 2882 1334 2886 .

185 2922 289 2984 cunda
319 2922 440 2999 referre
465 2927 592 3004 poterat
620 2921 670 2985 W.
697 2920 834 2984 Lenison
863 2920 975 3000 socius,
1006 2920 1090 2984 3333
1118 2920 1223 3000 33333
1252 2941 1301 2984 coc·

185 3009 336 3073 ominans
364 3010 401 3073 33
428 3009 610 3074 bibliotheca
639 3008 859 3073 uniuersitatis
881 3008 1065 3072 Bonnensis
1095 3014 1300 3072 asservatam.

189 3099 303 3161 Teutus
326 3095 500 3180 (praescr..·
531 3101 583 3163 De
614 3104 733 3163 333333
758 3098 972 3161 0313313333
1003 3099 1129 3161 abbate
1160 3101 1195 3161 33
1225 3119 1301 3161 con·

140 3217 166 3256 3
183 3184 323 3263 fossore)
354 3186 482 3250 enordio
513 3188 672 3251 decurtato
701 3185 823 3266 incipit,
857 3186 938 3250 sicut
968 3185 1086 3250 codices
1110 3184 1302 3250 Britannici

185 3276 357 3354 A2a1i‘3,
392 3275 511 3340 3333333
545 3298 566 3339 3
595 3276 630 3356 Ι,
662 3281 698 3339 2:
736 3276 865 3338 Beatus
901 3275 1134 3338 Columbanus
1169 3276 1206 3337 in
1241 3275 1301 3337 Hi·

185 3365 304 3428 bernia
339 3366 453 3428 insula
490 3367 527 3427 in
561 3385 708 3428 occeano
745 3365 827 3437 sita,
864 3385 965 3446 quam
1001 3363 1181 3427 Scotorum
1217 3384 1301 3446 gens

184 3454 368 3530 inhabitat,
408 3457 504 3517 ortus
540 3457 601 3530 333,
641 3472 713 3515 mon
745 3464 818 3515 nero
852 3452 897 3515 ud
924 3451 1033 3515 333333
1062 3451 1181 3516 3333333
1208 3452 1303 3516 haec:

185 3543 354 3606 Hibernia
378 3543 468 3606 enim
493 3542 685 3625 antiquitus
709 3542 826 3605 Scoiia
850 3543 942 3604 dicta
966 3545 1034 3616 333
1061 3542 1103 3605 de
1126 3562 1195 3624 qua
1218 3562 1301 3624 gens

140 3633 366 3700 asianorum
390 3632 574 3694 Albaniam
600 3631 779 3694 Britannia
796 3631 920 3693 Maiori
943 3632 1142 3712 proximam,
1168 3653 1233 3713 que
1258 3632 1300 3694 ab

185 3723 311 3784 eventu
336 3721 436 3784 modo
461 3721 576 3784 Scoiia
607 3720 743 3794 dicitur,
774 3720 973 3782 inhabitans
1004 3720 1170 3801 originem
1203 3721 1302 3783 duxit

185 3813 221 3873 33
245 3830 459 3894 progressum
483 3809 616 3885 habuit,
640 3806 806 3889 multisque
824 3806 1061 3887 praetermissis
1084 3814 1113 3871 33
1133 3809 1223 3871 333333
1246 3807 1301 3871 im-

184 3899 321 3979 mutatis,
346 3898 392 3961 ita
414 3903 449 3960 33
471 3897 515 3960 ad
541 3896 767 3961 Cotumbanum
795 3896 928 3959 aiterum
951 3895 1109 3959 miracuta
1132 3895 1301 3960 bestiarum

187 3983 227 4065 (c.
248 3986 304 4068 17)
328 3987 430 4050 333333
453 3984 520 4049 sint
541 3986 585 4049 ad
606 3991 750 4048 sanctum
773 3983 876 4065 ipsum
900 3984 1083 4064 spectantia,
1115 3985 1178 4048 ioco
1202 4007 1227 4048 3.
1248 3991 1301 4047 30.

140 4197 212 4258 401)
236 4195 272 4248 Η.
299 4195 438 4260 33333333,
465 4193 609 4261 Appeudirc
637 4193 672 4244 ad
699 4193 842 4245 historiam
871 4194 1034 4245 litterarium
1064 4195 1202 4244 Grciticlmi
1227 4194 1301 4260 0333,

188 4267 303 4317 0333333
323 4268 400 4329 1693,
418 4267 501 4332 389.
568 4266 596 4331 2)
618 4265 775 4330 Hinpeston,
796 4265 928 4316 Iohannis
947 4264 1086 4331 03333333
1105 4266 1220 4316 litarde
1238 4267 1271 4316 333
1290 4294 1302 4305 ·

185 4337 287 4388 stritus
305 4337 433 4388 Henricis
451 4337 565 4402 (Rerum
586 4336 809 4387 Britannicarum
831 4336 912 4386 medii
929 4338 1154 4402 conscriptores,
1173 4336 1303 4388 Londinii

187 4410 265 4470 1858,
284 4414 343 4461 tom.
359 4408 421 4471 VII,
436 4424 465 4472 p.
479 4407 597 4472 XLIX),
616 4408 664 4474 qui
677 4407 820 4473 prolopum
838 4407 872 4461 ib.
888 4423 918 4473 p.
936 4408 1049 4473 195333.
1069 4408 1158 4460 edidit.
