2978 4928
280 404 315 458 10
492 397 617 467 IONAS,
630 397 753 454 VITAII
772 397 1001 454 GOLUMBANI
1019 398 1128 454 LIBRI
1144 397 1184 457 H.

279 581 397 648 seilicet
418 581 501 646 aliem
523 587 576 644 21.
596 579 728 662 Martii,
752 601 804 646 eos
826 580 1020 664 opinabatur
1041 581 1302 647 resurrectionem
1325 590 1403 648 99ξο

272 670 456 754 passionem
478 670 643 750 celebrare,
673 688 769 750 quom
789 669 864 735 item
887 669 938 734 die
968 676 1021 734 25.
1045 669 1168 735 Martii
1189 671 1311 750 factam
1334 692 1400 737 esse

279 759 453 824 trudebant.
506 757 723 824 6999999999
744 757 846 839 iqitur
868 778 992 823 errores
1018 760 1056 823 in
1078 758 1163 841 cyclo
1189 756 1320 824 Victorii
1350 761 1398 825 de·

272 847 479 932 prehendisse
500 846 564 911 sibi
585 845 673 947 meus
695 853 749 928 est,
772 847 899 928 ipseque
916 847 1097 912 mirabatur
1107 846 1317 948 'schismatica
1339 849 1399 949 illa

278 936 1433 1106 lllllltlllllltttltl..ltlltltttltttlt⁶

277 1113 363 1178 inter
385 1134 436 1178 eos
462 1112 714 1196 reperiebantur,
745 1112 801 1194 qni
829 1120 940 1178 contra
969 1133 1106 1178 canones
1131 1120 1279 1195 quaestus
1301 1135 1400 1180 consa

279 1200 422 1267 ordinati
459 1207 554 1266 erunt
586 1200 765 1281 simoniaci,
801 1201 928 1283 aliiqne,
964 1200 1020 1283 qui
1052 1201 1090 1267 in
1124 1201 1296 1267 diaconatu
1330 1223 1400 1267 cum

196 1307 261 1357 *99
278 1290 431 1355 acoribus
453 1311 534 1372 quas
556 1296 652 1355 antea
673 1290 860 1373 babuerunt,
892 1326 935 1334 -
958 1290 1118 1355 clientelas
1141 1291 1211 1355 *eas
1232 1290 1398 1372 oscitabat,

279 1414 322 1424 —
349 1378 542 1444 adulterium
572 1377 803 1444 commiserant.
849 1379 1008 1461 Maqistri
1029 1378 1211 1459 Hibernici,
1241 1400 1257 1444 e
1286 1379 1400 1461 quibus
1419 1404 1447 1444 ιο

283 1467 415 1534 Gildam
430 1467 573 1551 protulit,
594 1468 632 1532 de
650 1467 803 1532 eiusmodi
818 1468 940 1534 delictis
954 1468 1035 1533 satis
1049 1489 1153 1534 secere
1167 1467 1398 1550 iudicaverant,

278 1557 402 1638 ipsique
431 1556 560 1622 dubium
590 1562 668 1637 erat,
699 1555 779 1638 quin
809 1578 877 1622 eum
907 1557 1025 1622 talibus
1052 1555 1205 1639 episcopis
1232 1556 1399 1622 99999999-

279 1647 416 1711 eandum
438 1651 525 1710 esset.
571 1646 708 1710 Tantam
731 1652 835 1710 autem
857 1645 1075 1711 auctoritatem
1090 1666 1155 1730 per
1183 1644 1310 1711 Gabios
1331 1645 1400 1710 iam

279 1740 526 1816 comparaverat,
550 1740 586 1798 ut
608 1735 655 1799 vel
676 1734 808 1799 istorum
824 1735 973 1800 nonnulli
988 1734 1197 1800 conscientias
1219 1754 1296 1800 suas
1309 1755 1399 1816 pere-

276 1822 372 1905 qrino
394 1821 446 1888 illi
468 1821 676 1907 aperuissent,
699 1822 942 1905 interroqantes,
964 1830 1072 1888 unum
1088 1829 1163 1905 post
1180 1822 1262 1887 talia
1284 1822 1400 1888 delicta
1419 1846 1446 1887 ιο

277 1911 345 1977 iam
368 1911 505 1994 episcopi
527 1932 592 1976 esse
611 1917 739 1993 possent
760 1933 880 1993 onnon,
902 1911 1031 1995 ipseque
1046 1918 1075 1977 et
1088 1913 1173 1978 banc
1187 1911 1400 1993 quaestionem

271 2022 383 2086 popae
413 1999 656 2066 diiudicandum
673 2000 850 2083 proposuit.
900 2001 1016 2082 Tertio,
1052 2000 1130 2083 quid
1163 2002 1201 2065 de
1233 1999 1400 2066 monacbis

278 2089 462 2169 faciendum
484 2095 570 2170 esset,
601 2090 733 2153 academ
762 2089 981 2172 interroqaoit,
1012 2089 1067 2171 qui
1090 2088 1293 2172 perfectioris
1314 2087 1399 2155 citae

279 2178 435 2243 desiderio
466 2177 599 2259 accensi,
634 2177 753 2259 neqlec
740 2176 783 2243 is
811 2177 890 2243 cotis
918 2178 996 2260 suis,
1025 2178 1154 2261 primae
1184 2177 1399 2244 concasionis

280 2267 348 2332 loca
377 2265 648 2347 relinquerentet
677 2265 788 2330 inolitis
816 2267 990 2349 abbatibus,
1024 2268 1149 2347 fernme
1179 2271 1310 2366 eopente,
1340 2273 1448 2332 antio

279 2357 480 2420 lassarentur
500 2360 557 2418 aut
586 2356 631 2420 ad
657 2356 779 2420 deserta
746 2356 1015 2438 teonfuqerent.
1066 2356 1180 2438 Tepori
1206 2354 1307 2454 iqitur
1336 2354 1398 2437 epi·

279 2449 424 2526 scoputns
374 2442 618 2508 tGalliconi
639 2464 768 2508 999999
790 2447 937 2510 ardorem
960 2444 1111 2527 mposuit,
1141 2463 1231 2526 quem
1253 2442 1320 2509 iam
1342 2443 1399 2508 sia

279 2533 365 2599 solus
387 2552 525 2598 coercere
541 2538 678 2613 poterat.

395 2639 529 2720 Uterque
551 2639 656 2721 cqelus
670 2639 838 2720 pascbolis
860 2661 947 2705 9999
966 2645 1040 2705 603.
1065 2639 1216 2705 dannot
1188 2646 1237 2705 cta
1258 2639 1343 2704 inter
1365 2661 1400 2707 se

262 2727 488 2809 discrepabat,
506 2728 555 2793 ‘ut
580 2726 686 2792 Gallis
708 2727 777 2793 dies
799 2733 829 2792 7.
853 2728 981 2811 Aprilis
1003 2730 1082 2794 luna
1106 2728 1212 2793 XXI.
1230 2727 1400 2810 pasclcalis
1418 2750 1447 2791 ee

280 2823 371 2898 esset,
418 2837 488 2881 cum
526 2815 624 2881 Scotti
668 2815 719 2882 die
764 2823 817 2881 31.
856 2816 977 2882 Martii
1014 2819 1092 2882 luna
1132 2817 1279 2882 XVIII.
1318 2817 1400 2900 cpoli

278 2905 485 2970 LXXXIV
503 2926 672 2987 annorum,
696 2903 874 2971 Victoriani
896 2912 1000 2971 antem
1021 2906 1094 2988 ipsa
1112 2906 1192 2972 luna
1209 2903 1310 2971 XIV.
1327 2926 1400 2971 oum

278 2993 412 3060 Iudaeis
430 2995 554 3077 9999199
576 2994 775 3060 celebrarent.
820 2996 892 3078 Quo
914 2997 953 3060 de
970 3016 1068 3061 causa
1090 2994 1226 3077 episcopi
1245 2994 1280 3059 in
1297 3015 1400 3060 unum

277 3089 466 3167 conqreqati,
433 3084 529 3148 tide
550 3083 681 3164 Jldeiet
668 3085 853 3149 tbonorum
877 3105 1005 3168 operum
1027 3083 1159 3149 ueritate
1179 3082 1350 3150 tractaturi
1367 3090 1399 3149 et

277 3174 315 3238 de
346 3179 473 3238 consuet
460 3171 569 3238 tudine
592 3172 719 3239 diuersa
747 3171 869 3239 iudicio
899 3171 1022 3237 iudicat
1010 3171 1076 3236 turi
1109 3193 1146 3238 er
1146 3179 1212 3238 99
1191 3170 1400 3238 tOonstat
1417 3193 1447 3234 so

277 3267 380 3326 autem
413 3261 499 3326 inter
532 3282 654 3344 omnes,
693 3263 847 3345 spnodum
881 3261 972 3326 illam
1005 3260 1107 3340 fuisse
1145 3259 1250 3327 (lobill
1251 3281 1399 3326 onensem

277 3370 306 3414 a.
326 3355 400 3412 603.
424 3350 557 3414 celebrat
545 3351 640 3432 tcn1,
665 3352 796 3414 eandem
818 3349 988 3431 scilieet,
974 3371 1011 3414 cn
1034 3370 1098 3431 qua
1120 3348 1312 3414 Desiderius
1334 3349 1397 3431 epi·

277 3458 387 3518 scopus
416 3437 607 3502 Viennensis
636 3439 673 3503 de
701 3443 809 3518 stupro
832 3439 1056 3503 condemnatus
1078 3444 1132 3503 est.
1183 3437 1400 3504 Oolnmbonns

276 3525 344 3606 ipse
373 3546 556 3610 comparere
584 3547 650 3590 999
679 3546 785 3607 ausus,
821 3547 861 3590 ne
889 3527 971 3606 forte
1005 3528 1202 3592 contenderet
1227 3546 1398 3610 praesem,

277 3613 422 3679 litteras²
451 3615 496 3679 ad
524 3613 681 3696 episcopos
703 3616 962 3698 presbyterosque
984 3637 1044 3680 sua
1066 3637 1165 3682 causa
1194 3621 1398 3697 conpreqatos
1417 3636 1447 3679 es

275 3702 373 3784 misd,
395 3703 433 3769 in
455 3702 569 3784 quibas
590 3708 707 3766 tornum
728 3701 945 3786 responsionis
959 3711 1033 3770 ante
1047 3703 1222 3770 triennium
1244 3702 1399 3785 scm'ptum

276 3790 414 3872 inclusit,
438 3812 499 3873 quo
522 3793 791 3856 demonstraverat
813 3812 919 3858 omnes
942 3793 1035 3858 totius
1058 3792 1227 3859 occidentis
1248 3791 1399 3858 ecclesias

276 3880 460 3962 consentire,
491 3878 752 3945 resurrectionem
775 3886 848 3945 ante
871 3880 1056 3963 passionem
1078 3882 1153 3962 pleri
1176 3902 1241 3946 non
1263 3880 1399 3947 debere⁸

276 4091 303 4151 1)
325 4089 373 4143 SS.
386 4088 420 4144 R.
432 4089 533 4147 Meroe,
545 4089 602 4156 ΙΙΙ,
616 4091 669 4145 620
675 4105 689 4153 ,·
706 4092 740 4155 ef.
753 4090 853 4155 Hertel,
866 4090 1052 4157 ‘Anmerleunq
1065 4107 1118 4142 zur
1131 4091 1222 4145 Gescb
1237 4090 1398 4144 Columbo's'

275 4161 426 4225 (‘Zer'tscbr.
439 4162 462 4225 f.
476 4160 693 4227 Klrebenqesclt!
705 4161 761 4228 III,
777 4163 828 4217 145
837 4165 922 4229 sqq.),·
941 4160 984 4221 ίΝ,
997 4161 1089 4217 Arcb.’
1097 4163 1149 4223 IX,
1163 4164 1231 4224 146,·
1246 4161 1287 4216 W.
1299 4162 1398 4214 Gund-
1415 4171 1447 4212 eo

276 4231 345 4297 beel,
363 4232 409 4285 (Ν.
425 4232 520 4285 Arete!
531 4232 563 4282 X
565 4233 593 4299 V,
608 4235 661 4287 510
665 4247 677 4296 ;
694 4233 794 4284 Haucle
811 4234 828 4288 l.
846 4234 863 4288 l.
877 4250 907 4301 p.
922 4235 973 4289 601
982 4232 1000 4287 ³.
1057 4234 1085 4300 2)
1106 4233 1172 4288 Ma.
1190 4234 1243 4299 Ep.
1261 4233 1316 4300 III,
1334 4236 1396 4291 160.

275 4303 304 4369 3)
324 4303 399 4354 Idan
416 4305 446 4354 c'u
465 4304 580 4371 epistula
598 4305 635 4356 ad
654 4304 816 4370 Greqorium
833 4304 1059 4357 demonstraverat
1077 4311 1115 4371 (p.
1130 4307 1191 4371 157,
1209 4305 1228 4359 l.
1242 4306 1289 4367 15)
1306 4305 1399 4360 codem

275 4374 333 4437 fere
350 4389 401 4441 quo
418 4377 556 4443 responsio
572 4379 686 4441 tempore
702 4378 860 4443 emnmcpta.
