2978 4928
233 352 250 407 b
446 345 572 416 IONAS,
584 345 707 404 VITAE
726 345 955 402 OOLUMBANI
972 345 1083 401 LIBRI
1100 346 1140 404 H.

232 529 349 596 victum
371 550 473 595 secum
495 529 640 610 ferentes,
664 548 763 610 neque
781 550 902 612 semper
919 528 1056 609 feliciter
1072 551 1200 594 messem
1224 531 1357 597 cessisse

233 619 371 700 evemplo
392 617 541 683 monacbi
563 619 734 699 edocemur,
765 617 821 699 qui
844 617 978 699 diqitum
1000 618 1084 697 falce
1106 619 1293 700 absciderat,
1317 627 1357 684 ut

232 729 298 772 non
332 707 483 788 haereret,
519 705 586 771 nisi
613 726 723 788 parvo
756 705 908 771 retinente
935 707 1029 788 pelle.
1076 707 1187 772 Novus
1216 729 1293 791 aqer
1321 708 1352 773 si

232 795 380 862 messium
402 794 525 877 copiam
548 795 727 876 locupletem
749 795 886 875 dederat,
917 795 997 860 soles
1025 794 1150 860 assidui
1181 796 1353 878 enoptandi

233 891 334 966 mant,
365 906 414 965 ne,
445 883 558 949 emisso
586 882 737 965 qermine,
767 882 805 948 in
831 882 949 965 stipulo
971 883 1082 949 messis
1099 884 1229 967 periret,
1260 891 1390 966 atques

238 973 451 1040 Columbaria
478 972 549 1056 ipse
583 970 687 1036 labori
721 992 777 1035 suo
810 992 876 1036 uon
904 971 1054 1060 pepercit,
1088 978 1124 1037 ut
1149 995 1234 1056 sepes
1256 994 1352 1055 quom

233 1062 393 1129 cenuvium
411 1060 536 1126 borreis
554 1060 768 1126 cmidereturl.
812 1061 903 1141 Quod
916 1081 986 1125 cum
1001 1061 1121 1140 factum
1137 1069 1222 1145 esset,
1241 1063 1353 1128 messis

168 1176 171 1182 ·
232 1151 271 1216 in
300 1171 379 1216 area
407 1173 428 1215 a
457 1149 618 1230 fratribus
639 1148 733 1231 virqa
756 1149 916 1215 caedenda
938 1152 1038 1214 erat2.
1084 1150 1211 1216 Horrea
1241 1151 1353 1233 cuique

234 1259 311 1305 suus
333 1244 436 1304 custos
457 1239 505 1303 vel
534 1237 673 1320 claviqer
695 1246 850 1321 praeerat
858 1238 879 1319 ⁸,
910 1258 1006 1319 eaque
1033 1239 1202 1305 admodum
1231 1241 1353 1320 referta

234 1348 300 1393 esse
323 1348 401 1410 opus
422 1332 500 1409 erat,
530 1333 566 1391 ut
588 1333 678 1392 tanta
700 1326 867 1391 multitudo
890 1348 979 1407 pone
1001 1328 1149 1392 aleretur.
1195 1328 1353 1394 Monocbi
1372 1356 1406 1395 ιο

234 1422 339 1481 andem
361 1417 410 1482 vel
431 1416 611 1481 laborantes
629 1415 798 1497 anqustins
813 1415 1048 1497 reficiebantur,
1071 1438 1148 1481 nam
1171 1419 1232 1482 duo
1248 1439 1354 1499 panes

228 1505 458 1587 paululumque
484 1502 654 1569 cerevisiae
680 1503 848 1586 senapinta
869 1502 1049 1570 bominibus
1070 1504 1125 1569 viu
1147 1505 1352 1585 suffecissent,

235 1593 303 1659 nisi
336 1614 422 1658 mare
448 1591 584 1658 Domini
617 1598 745 1657 sauctus
777 1592 838 1657 illa
871 1591 1015 1658 oratione
1048 1615 1108 1658 sua
1141 1594 1354 1677 multiplicare

229 1681 414 1765 potuisset³.
460 1681 567 1762 Pctus,
597 1680 734 1763 uldini,
765 1679 917 1746 cerevisia
939 1687 1017 1762 erat,
1041 1688 1200 1764 artemque
1222 1704 1291 1748 eam
1315 1704 1354 1748 ea

235 1770 392 1851 frumenti
413 1771 462 1836 vel
482 1769 593 1835 bordei
614 1790 688 1835 suco
711 1768 910 1851 decoquendi,
937 1770 1106 1852 adsumpta
1129 1773 1230 1853 brace,
1256 1768 1353 1837 Scotti
1373 1797 1405 1837 ss

236 1880 275 1924 ea
297 1858 412 1940 putria
441 1859 622 1924 aduncant.
681 1857 768 1924 &cra
801 1864 905 1924 autem
938 1857 1086 1924 ministro
1114 1860 1275 1939 refectorii
1306 1862 1353 1926 vel

237 1947 401 2016 cellerario
422 1948 577 2013 mandata
599 1953 677 2028 erat,
707 1947 796 2028 isque
825 1948 906 2011 bora
932 1947 1115 2027 refectionis
1137 1969 1176 2013 ea
1197 1971 1271 2014 vase
1293 1970 1354 2031 quo

237 2057 276 2102 ea
297 2037 488 2102 condebatur
510 2042 610 2101 tracto
632 2035 775 2101 duciculo
791 2035 963 2117 ampullam
978 2036 1015 2100 in
1033 2037 1162 2102 cellario
1184 2039 1322 2119 replebat
1329 2039 1352 2101 4.

241 2124 339 2207 Operi
367 2125 485 2191 rustico
514 2124 669 2204 faciundo
696 2121 909 2189 Columbanus
937 2124 975 2188 in
1003 2131 1134 2206 utroque
1162 2126 1354 2191 monasterio

230 2234 293 2296 per
314 2213 396 2280 vices
417 2213 573 2279 intererat
593 2219 622 2278 et
643 2211 783 2277 Iamcvii
806 2217 835 2276 et
857 2210 1029 2277 Fontanis.
1373 2240 1407 2281 ιο

349 2336 541 2403 Consederat
553 2342 657 2402 autem
672 2334 710 2401 in
725 2334 887 2400 territorio
903 2335 1131 2420 Sequanorum,
1155 2338 1246 2404 auius
1261 2346 1356 2420 caput

237 2432 307 2491 erat
329 2427 483 2508 Vesontio,
514 2433 607 2508 atque
633 2424 671 2489 in
693 2423 827 2489 dioecesi
849 2423 1097 2490 Vesontionensi.
1143 2426 1356 2493 Auctoritatis

235 2535 332 2598 quom
361 2514 451 2580 intra
473 2535 596 2597 paucos
624 2533 728 2578 annos
753 2513 801 2578 vel
823 2515 910 2596 apud
931 2513 1143 2580 nobilissimos
1164 2515 1227 2581 sibi
1249 2515 1355 2597 acqui·

235 2603 336 2669 sierat
351 2603 437 2669 testis
456 2610 502 2668 est
521 2601 576 2684 qui
598 2600 784 2668 Vesontionv
799 2608 873 2668 tunc
887 2601 1044 2668 residebat
1062 2605 1129 2668 dun
1149 2604 1355 2671 Wuldelenus

235 2691 363 2758 nomine
386 2713 455 2756 cum
477 2689 603 2756 Flavia
632 2689 771 2772 coniuqe.
822 2690 884 2772 Qui
913 2711 982 2756 cum
1005 2693 1098 2774 prole
1127 2699 1280 2773 carerent,
1311 2695 1357 2758 ad
1374 2719 1407 2759 ss

235 2781 340 2863 ipsum
363 2801 395 2845 se
418 2779 622 2858 conferebant
644 2777 680 2843 in
703 2780 866 2859 desertum,
889 2786 926 2844 ut
940 2780 1089 2862 precibus
1111 2780 1180 2846 eius
1203 2781 1266 2846 sibi
1288 2803 1354 2848 suc-

236 2875 426 2950 curreretur,
442 2888 541 2949 neque
553 2866 807 2933 intercessionem
818 2889 909 2932 suam
921 2868 1094 2951 dencqvvit,
1111 2891 1150 2934 ea
1161 2869 1353 2952 condicione,

234 2965 270 3024 ut
284 2956 425 3024 Domino
447 2955 646 3022 nasciturum
668 2963 889 3022 consecrarent
908 2956 1031 3038 mbiqne
1048 2978 1087 3022 eu
1109 2958 1236 3023 munero
1259 2959 1354 3024 susci·

229 3047 385 3129 piendum
404 3067 474 3110 emn
489 3047 659 3112 traderent.
698 3045 790 3110 Duos
811 3044 880 3110 iam
901 3065 984 3109 uuor
1003 3045 1088 3124 filios
1104 3047 1231 3128 peperit
1243 3047 1354 3113 Dona·

236 3142 301 3200 tum
320 3141 350 3200 et
369 3132 620 3216 Obramelenum,
643 3155 776 3217 quorum
799 3134 881 3200 alter
895 3133 932 3198 iu
954 3135 1144 3199 monasterio
1159 3134 1355 3200 Isuuoviensi
1373 3143 1407 3204 so

234 3224 384 3289 educatus
411 3222 480 3289 sedi
509 3223 749 3290 Vesontionensi
770 3223 931 3307 episcopus
952 3229 1063 3305 postea
1080 3231 1240 3305 praeerat,
1271 3225 1353 3289 alter

230 3318 324 3394 patre
345 3319 468 3378 mortuo
493 3314 642 3379 ducatum
663 3311 788 3378 meruit.
841 3312 976 3394 Uterque
1005 3312 1050 3376 od
1078 3312 1182 3377 suncti
1209 3313 1353 3395 requiam

235 3399 461 3465 monasterium
495 3400 679 3484 construxit,
714 3401 796 3466 alter
827 3422 927 3465 unum
956 3399 1121 3465 Palatium
1155 3401 1282 3466 nomine
1315 3401 1353 3466 in

234 3489 312 3554 urbe
334 3488 512 3572 episcopali,
536 3491 591 3557 nbi
613 3496 643 3556 et
663 3496 766 3555 mater
779 3495 851 3571 past
867 3489 978 3554 mariti
993 3489 1110 3554 obitum
1125 3489 1353 3555 monasterium

229 3578 412 3660 penellarum
435 3578 585 3662 condidit,
608 3580 691 3645 alter
712 3578 846 3644 alterum
868 3577 905 3642 in
927 3579 1011 3643 saltu
1035 3577 1167 3643 Iurensi
1188 3581 1233 3643 ad
1256 3578 1353 3643 Novi-
1373 3606 1405 3648 ss

234 3688 346 3733 sonam
367 3667 535 3747 fluviolum
557 3668 653 3733 sitnm
662 3668 684 3732 ⁵.
722 3667 879 3734 Ducalem
896 3665 997 3750 iqitur
1013 3665 1176 3746 familiam
1194 3669 1272 3732 adeo
1290 3666 1354 3732 sibi

151 3776 215 3828 *aa
236 3756 445 3838 'devincerat
468 3763 504 3822 ut
521 3763 686 3823 sectatores
704 3755 928 3822 studiosissimi
945 3777 985 3821 en
1002 3754 1076 3837 ipsa
1094 3754 1156 3820 sibi
1177 3761 1352 3838 surperent,

234 3866 332 3927 neque
354 3867 427 3912 vero
450 3844 479 3912 ei
501 3845 556 3928 qui
578 3848 681 3913 sedem
703 3845 976 3911 Vesontionensem
1003 3850 1077 3910 tunc
1099 3846 1270 3925 occupabat
1291 3843 1353 3924 epi-

235 3954 324 4016 scopo
347 3935 407 4002 loci
429 3935 618 4020 praesentia
646 3935 749 4019 ipsim
771 3936 876 3999 eodem
898 3933 988 3997 modo
1010 3938 1137 4015 accepta
1159 3939 1237 4014 erat,
1262 3939 1352 3997 totus-

234 4042 293 4104 que
321 4023 535 4107 Burqundiae
564 4025 760 4108 episcopatus
783 4043 937 4105 prospero
966 4020 1034 4086 eius
1063 4043 1206 4087 successu
1236 4021 1353 4086 laetari
1371 4049 1404 4090 ιο

234 4256 315 4398 ΒΕ
330 4260 443 4389 equuleis.
461 4262 487 4329 1,
507 4263 549 4318 13.
627 4264 656 4331 v)
677 4261 761 4328 ml,
782 4263 824 4316 12.
897 4258 1088 4328 s)n.1,17.
1160 4257 1188 4324 4)
1205 4257 1246 4312 u.
1266 4257 1290 4321 I,
1309 4259 1353 4312 16.

317 4371 365 4399 .,
422 4370 429 4387 .
