2978 4928
402 406 530 476 IONAS,
541 407 662 463 VITAE
680 407 909 463 coLUMBANI
927 408 1036 464 LIBRI
1054 409 1094 464 H.
1197 403 1200 407 ’
1273 412 1306 467 11

190 610 288 671 neque
322 596 395 655 onte
429 588 660 671 aequinoctium
693 610 792 672 neque
820 590 907 655 ultra
937 592 1046 656 lunam
1075 590 1158 655 XX.
1184 592 1309 673 paseha

191 680 410 744 celebrandum
439 699 513 743 esse.
561 678 735 744 Praetereo
764 677 966 744 traditionem
996 700 1087 744 suam
1115 702 1223 761 papae
1246 701 1309 761 per

191 773 254 831 tres
284 773 380 831 toruos
409 773 595 849 onposurar
623 768 802 849 brevemque
832 767 969 832 libellum
999 769 1106 833 eadem
1136 770 1174 833 de
1203 789 1238 833 re
1265 769 1311 834 ad

190 855 343 937 Ariqinm
365 856 455 920 modo
477 856 649 937 sumserat
663 855 876 938 episcoporum
890 855 1019 921 itteram
1038 856 1229 940 prinoipem,
1253 856 1310 939 qui

159 944 285 1026 spaulq
323 951 396 1009 onte
441 946 542 1009 sedem
579 944 822 1026 Inrpdunensem
863 951 975 1010 naotus
1014 951 1085 1011 erat
1093 945 1114 1009 1.
1181 943 1310 1011 Ooloulo

190 1033 398 1098 LXXXIV
416 1053 575 1098 annorum
597 1033 809 1114 Anatolioqne
837 1054 894 1098 suo
917 1033 1129 1115 pertinaciter
1156 1033 1309 1099 maiorem

190 1123 286 1200 fidem
309 1121 457 1186 attribuit
477 1142 572 1203 quam
596 1121 734 1186 Victoria
764 1121 815 1186 illi
844 1143 946 1203 nuper
968 1122 1062 1187 dubie
1090 1122 1239 1188 scribenti
1270 1129 1308 1204 et,

190 1209 246 1274 ubi
268 1231 390 1275 neeesse
412 1216 490 1292 erat,
526 1209 610 1275 nihil
643 1209 817 1292 definienti,
852 1211 1005 1290 fiduciam
1035 1233 1106 1276 aero
1136 1233 1202 1276 non
1231 1213 1309 1277 adeo

191 1319 341 1380 moqnam
364 1298 511 1364 habuisse
534 1298 619 1364 uidet
606 1305 668 1380 tur,
698 1305 734 1364 nt
722 1299 1014 1365 tadversariorum
1038 1299 1163 1365 animos
1186 1321 1310 1366 oonoer-

147 1393 275 1467 10teret,
311 1408 387 1452 narn
422 1386 647 1453 contentionem
676 1387 744 1453 iam
774 1387 902 1452 omnino
931 1387 1049 1453 euitare
1078 1388 1184 1470 uoluit,
1215 1389 1311 1471 idque

192 1439 359 1540 soluint
303 1476 407 1558 petiit,
431 1476 554 1557 ntsibi,
578 1476 634 1558 qni
652 1476 804 1542 diuersita
806 1477 846 1541 tis
861 1483 972 1542 auotor
986 1498 1051 1543 non
1066 1483 1152 1558 esset,
1169 1477 1206 1542 in
1221 1498 1248 1542 sr
1238 1477 1312 1542 ilois

191 1563 259 1628 illis
281 1565 418 1630 silertee
432 1565 535 1630 uiuere
545 1528 684 1631 liberet
669 1572 740 1630 nunt
740 1588 761 1630 a
777 1586 849 1630 ossa
867 1571 904 1629 17
923 1566 1065 1645 fratrum
1081 1529 1308 1648 definitorum,

192 1652 272 1718 siout
294 1673 357 1735 per
382 1660 421 1717 12
452 1675 556 1719 annos
583 1653 700 1719 ibidem
729 1653 869 1719 unisset.
914 1655 970 1718 Ea
998 1655 1050 1720 his
1071 1655 1176 1720 uerbis
1205 1653 1312 1737 oolliqi

193 1741 272 1823 lieet,
307 1764 337 1806 o.
362 1748 436 1806 591.
468 1742 585 1824 Vosaqi
615 1743 729 1806 saltum
758 1742 879 1808 adiisse
907 1749 1070 1808 ueteranos
1094 1763 1253 1825 pauperes
1282 1749 1312 1808 et

148 1857 174 1896 15
187 1830 376 1912 pereprinos
413 1852 502 1896 senes
538 1830 619 1911 illos,
658 1830 740 1896 siout
782 1852 815 1895 se
852 1851 984 1912 suosque
1021 1831 1089 1915 ipse
1127 1830 1310 1916 appellauit.

193 1919 351 1996 Metuens,
375 1940 414 1983 ne
430 1919 467 1983 in
481 1941 542 1984 sua
557 1918 707 2003 opinione
716 1926 955 2001 perseverantes
971 1920 1069 1985 Sootti
1083 1920 1312 2002 expellerentur

193 2028 231 2072 en
254 2010 373 2073 deserto
395 2008 460 2088 illo,
487 2013 687 2088 utramquet
675 2006 879 2072 raditionem
902 2009 1016 2073 bonam
1039 2029 1104 2073 esse
1128 2029 1221 2089 posse
1242 2007 1311 2072 iam

193 2115 258 2160 non
281 2095 409 2161 omnino
419 2095 597 2196 deneqaoit
619 2095 750 2177 totisque
779 2095 902 2161 uiribus
928 2103 1059 2162 oonoent
1059 2096 1127 2162 ioni
1149 2096 1312 2180 paoifioae

192 2183 269 2248 insti
267 2183 327 2249 nst
357 2183 463 2249 ‘nnius
485 2183 570 2249 enirn
591 2205 699 2248 sumus
721 2184 862 2266 eorporis
883 2187 1098 2267 commembra,
1128 2186 1193 2250 sive
1220 2183 1312 2250 Galli

148 2303 176 2341 so
194 2272 259 2337 sioe
273 2272 353 2338 Brit
340 2272 433 2338 tonni
455 2272 521 2338 sioe
536 2272 629 2338 Iberi
651 2273 717 2338 siae
734 2294 874 2355 quaeque
894 2280 968 2356 pent
967 2273 1020 2338 es'.
1057 2274 1117 2339 Att
1092 2279 1209 2339 ttamen
1228 2271 1311 2338 iudi-

194 2360 281 2426 oibus
303 2363 372 2426 suis
400 2362 646 2461 haudquaquam
669 2361 820 2445 pepercit.
799 2363 955 2428 Ttatn
942 2369 1007 2427 tam
1036 2361 1184 2428 ecelesiae
1210 2359 1311 2427 Galli-

194 2471 294 2515 oanae
317 2450 547 2550 corruptionem
569 2450 824 2603 deprehenderat
851 2450 921 2515 ut
907 2471 974 2533 ipse
996 2472 1074 2551 enop
1073 2457 1215 2532 taret,u
1193 2449 1311 2533 utepi·

194 2538 282 2622 soopi
310 2539 438 2621 saepius
467 2539 677 2620 oonoenirent,
707 2539 964 2621 ntnoqleqentes
932 2539 1134 2605 estimorem
1160 2539 1312 2605 haberent

194 2627 421 2709 studiosique
407 2627 475 2693 rnoi
476 2634 581 2693 ttaren
580 2649 630 2692 ur.
668 2627 738 2692 Deo
760 2634 817 2692 aut
816 2649 864 2693 em
883 2627 1010 2710 qratias
1032 2627 1103 2710 epit,
1083 2634 1162 2693 tut
1183 2629 1311 2693 velena

149 2744 176 2784 a
195 2737 292 2780 eausa
308 2718 447 2799 synodus
461 2715 550 2794 effert
550 2739 571 2781 a
586 2722 672 2797 esset,
696 2716 755 2782 etsi
776 2738 841 2781 non
857 2722 923 2782 tam
941 2719 979 2782 de
996 2716 1147 2798 pasehat
1134 2737 1163 2781 rs
1178 2738 1256 2799 nepo
1257 2715 1309 2798 tio,

195 2807 278 2885 quod
304 2805 373 2870 iam
402 2805 459 2869 din
481 2804 666 2870 ventilatum
689 2812 767 2870 esset
789 2805 904 2887 diuque
927 2829 949 2870 o
971 2804 1107 2871 diuersis
1129 2805 1311 2870 auctoribus

194 2893 377 2975 iudicatum,
405 2894 541 2959 tractari
562 2893 661 2958 voluit
682 2914 778 2975 qnam
799 2896 837 2959 de
860 2894 1021 2959 universis
1043 2893 1312 2959 observationibus

195 2981 367 3063 canonicis,
391 3003 413 3046 a
435 2981 551 3064 multis,
575 2984 658 3064 qnod
677 2982 811 3064 qraoius
832 2989 919 3063 esset,
943 2981 1134 3064 ᾱυυνυυυίυυ.

302 3089 449 3172 Spnodus
480 3087 595 3154 iterum
629 3088 815 3154 sententiam
850 3087 934 3154 diuit
967 3087 1082 3153 Scottis
1115 3086 1311 3152 eontrarium

149 3211 176 3251 ω
193 3175 367 3258 iterumque
395 3176 606 3242 Columbonus
634 3179 679 3242 ad
706 3180 809 3242 sedem
834 3176 1037 3259 apostolieum
1059 3176 1219 3258 appellare
1241 3196 1311 3241 oon·

194 3265 304 3346 stituit,
336 3267 392 3330 sed
414 3264 623 3330 ‘tumultuosis
647 3265 788 3347 pontium
816 3264 1072 3330 interiacentium
1095 3263 1310 3329 seditionibno’

196 3353 410 3434 *aliqnamdin
442 3353 611 3436 impeditus
644 3360 697 3418 est.
751 3355 795 3418 In
829 3352 933 3418 Italia
966 3352 1051 3418 enim
1085 3351 1312 3435 Lanqobardie
1328 3376 1393 3428 φο.

194 3441 335 3506 Rotnani
358 3443 471 3507 bellum
499 3442 673 3522 inferentes
701 3441 815 3506 deuicti
842 3448 925 3523 sunt,
955 3442 1116 3523 hostesque
1143 3463 1212 3507 una
1241 3462 1311 3507 oum

194 3530 320 3596 Solonis
347 3530 414 3596 ianr
445 3532 490 3596 ad
517 3530 709 3596 obsidionem
734 3530 824 3596 urbis
845 3530 968 3596 Rornae
989 3537 1210 3614 perrexerant,
1240 3552 1311 3596 oum

148 3652 176 3692 ⁸5
199 3619 373 3701 Groporius
400 3641 492 3702 papa
525 3639 691 3685 ooourrens
717 3618 866 3701 preorbno
895 3640 946 3684 eos
977 3619 1102 3701 amauit,
1138 3618 1311 3700 tributoque

192 3707 339 3790 imposito
371 3710 588 3774 abscesserunt
597 3710 617 3772 ².
675 3707 750 3772 Pau
783 3731 815 3772 a.
843 3714 918 3789 603,
956 3729 1061 3773 nnnse
1096 3709 1188 3790 Noa,
1227 3707 1312 3774 inter

193 3803 359 3879 ntranzqne
378 3803 509 3882 portem
530 3796 620 3876 faeta
642 3802 695 3877 est,
720 3798 757 3861 de
780 3815 844 3877 qna
866 3796 1013 3879 Aqdulfo
1035 3797 1104 3879 reqi
1127 3818 1218 3880 popa
1238 3818 1312 3880 pra

193 3884 257 3949 tias
278 3886 428 3950 reuuur.
474 3884 612 3950 Interim
640 3884 733 3950 sernel
755 3890 785 3950 et
806 3884 856 3950 bis
880 3885 1041 3950 tabellarii
1071 3907 1092 3950 a
1119 3885 1312 3952 Oolnmbano

194 4094 223 4164 1)
247 4094 315 4146 Noti
330 4096 459 4161 Arr’qtnm
476 4099 624 4162 episcopum
642 4094 854 4160 Inrqdnneusem,
877 4095 914 4145 ad
932 4097 1008 4147 euius
1024 4096 1180 4147 dousoorem
1204 4112 1230 4149 a.
1249 4097 1312 4162 ooo,

146 4185 176 4224 40
193 4182 228 4219 m
246 4165 321 4231 Nou,
347 4166 495 4233 Greqorius
513 4183 591 4234 papo
616 4167 721 4217 litteras
744 4165 852 4218 dederat
869 4165 970 4232 (oapi,
996 4166 1060 4232 Beq.
1078 4183 1106 4219 n
1120 4168 1190 4221 1872
1196 4165 1227 4230 ²,)
1252 4181 1311 4216 oum

197 4203 358 4304 Vopincehsi
382 4238 561 4304 oonfundere;
587 4238 622 4300 ef.
648 4237 748 4302 Hertel,
778 4237 915 4291 ‘Zeitoohn
943 4238 995 4301 Γᾶν
1020 4237 1236 4303 Kirohenqeoeh!
1254 4235 1311 4300 JH,

188 4309 428 4376 p..;1450qq‘.N
447 4308 541 4363 Arch?
557 4308 609 4374 ΙΧ,
624 4325 654 4376 p.
669 4309 729 4363 146.
795 4307 824 4376 2)
844 4308 949 4362 Contin.
969 4309 1097 4373 Prosper-i
1112 4307 1213 4373 Ηαυυ,
1232 4306 1310 4360 Auot

193 4381 276 4446 antiq.
293 4379 340 4431 IX
336 4396 390 4446 ,.p
403 4381 472 4440 339·
491 4379 604 4445 Paulus,
623 4380 696 4434 Hist.
714 4378 835 4445 Lanqob.
851 4379 903 4445 IV,
916 4381 959 4432 98.
1031 4379 1060 4442 3)
1079 4376 1160 4441 Jaffd
1174 4393 1201 4429 n
1203 4345 1310 4430 1925&
