2978 4928
155 318 191 372 50
368 311 495 382 IONAS,
507 311 631 368 vlm
648 310 877 368 confflem
895 312 1004 368 LIBRI
1021 312 1061 371 II.

158 496 271 575 fuucta
301 494 475 561 musarum
503 494 670 560 eabemuia
702 495 872 560 memoriae
903 517 1002 561 cauea
1036 495 1194 562 tricesim
1227 494 1279 562 elie

158 605 245 648 more
267 582 474 649 eccleecaetico
493 583 668 649 celebrabat
676 584 697 646 ¹.
735 583 883 666 Denique
897 585 997 650 abbae
1011 590 1136 650 creatus
1153 606 1185 649 a.
1202 590 1277 650 659.

157 693 263 738 meuee
287 671 461 737 Nouembri
481 671 572 738 iussu
595 669 775 738 Ollatbarii
796 672 882 754 rcqie
903 672 1030 754 eiusque
1051 673 1168 739 matria
1188 673 1279 738 Balt-

158 760 256 826 ludis
279 762 324 826 acl
344 762 453 826 urbem
473 760 726 826 Gobillaueueem
748 760 864 826 mieeue
885 767 939 842 est,
962 761 1150 843 itinerisque
1171 762 1279 828 labore

157 850 261 929 fceeue
280 870 340 931 per
357 870 480 931 paucae
502 849 570 914 clim
592 849 629 914 iu
651 849 842 914 manasterio
861 850 895 915 S.
912 850 1072 915 Iobauuie
1086 849 1308 916 Roamaemeie

158 937 378 1019 requiescebat.

266 1044 382 1125 Itaque
416 1044 519 1108 Ionae
555 1043 746 1108 meuaetcrio
778 1043 934 1110 Bobieuei
967 1044 1075 1110 relicta
1108 1045 1170 1110 buc
1201 1045 1280 1146 ilua

153 1132 279 1215 paeeim
307 1139 441 1214 aaqatue
463 1138 516 1213 eet,
546 1131 660 1214 ubique
682 1153 717 1197 eo
740 1133 887 1198 libentiae
909 1140 1057 1216 receptus,
1088 1154 1150 1216 quo
1170 1132 1280 1199 minue

159 1220 339 1286 litterarum
367 1220 469 1302 periti
499 1220 537 1285 iu
571 1220 737 1286 Galliiet
724 1228 798 1287 tuuc
830 1221 1055 1303 reperirentur.
1107 1221 1280 1288 Desideria

159 1308 245 1374 euim
283 1310 395 1391 eodem,
435 1329 625 1392 quacumque
662 1309 804 1391 amceeit,
780 1310 990 1376 taccleeiae
1025 1310 1281 1410 monasteriaque
1297 1332 1323 1375 u

67 1422 102 1472 ⁸,
108 1421 142 1466 n.
160 1398 305 1463 teuobaut
292 1404 354 1480 t,ur
377 1397 462 1462 uitae
482 1396 602 1463 ecilicct
620 1397 757 1483 patroui
779 1395 1006 1499 qraeeideudae,
1039 1398 1128 1481 cique
1149 1405 1280 1481 roqatue

159 1486 257 1566 facile
290 1448 447 1567 satisfecit
479 1493 598 1568 auctor,
631 1489 669 1552 cle
700 1507 760 1569 quo
794 1487 911 1570 aqum.
965 1487 1113 1570 Scarpim
1146 1489 1280 1554 adema

159 1575 295 1653 flumiue
317 1574 478 1657 reaumaus
493 1577 538 1640 ad
551 1575 739 1641 Atrebatum
753 1577 860 1641 urbem
878 1576 1033 1660 peruenit,
1056 1575 1112 1641 ubi
1130 1576 1281 1642 Vedaetes

160 1663 322 1746 episcme
356 1662 479 1744 colitur,
514 1663 669 1746 huiusque
701 1663 809 1745 uitam,
844 1685 925 1746 quae
954 1664 1077 1730 auctari
1105 1686 1186 1730 saec.
1218 1665 1278 1729 VI.

160 1759 234 1818 aute
256 1775 304 1817 me
327 1752 567 1834 attribuebatur,
585 1753 695 1834 patius
710 1753 812 1819 Iouae
834 1773 977 1818 sermome
999 1752 1199 1834 carupoeitam
1214 1773 1280 1818 eeec
1297 1773 1323 1817 m

159 1848 225 1906 tam
248 1842 342 1908 certis
364 1841 561 1924 arqumeutie
583 1841 729 1923 probaui,
758 1848 794 1906 ut
815 1842 863 1906 uel
885 1841 1081 1906 acerbissimi
1103 1841 1280 1906 euticam

159 1952 298 1996 meorum
313 1930 497 1997 aducrearii
511 1930 656 2013 quamuis
669 1929 765 1995 iuuiti
781 1931 890 2010 facere
908 1951 973 1994 uou
990 1930 1175 2012 patuissent,
1200 1929 1279 2011 quiri
1347 1981 1350 1985 .

160 2021 340 2101 opusculum
362 2020 478 2085 iucerti
500 2018 640 2085 auctorit
662 2018 785 2084 auctori
806 2039 863 2082 sua
886 2041 907 2084 a
929 2040 977 2084 me
998 2025 1079 2084 recte
1101 2018 1280 2083 restitutum

160 2129 224 2172 esee
247 2108 466 2174 caueeutiremt.
513 2107 640 2172 Dciucle
665 2107 703 2172 iu
724 2107 917 2172 manasterio
939 2106 1129 2172 Reamaeuei
1151 2127 1280 2172 cauma

160 2203 251 2260 ratus
274 2197 380 2261 Vitam
399 2195 560 2261 Iobauuie
582 2195 707 2261 abbatie
729 2218 760 2260 a.
778 2202 853 2259 659.
877 2195 1026 2277 coadidit,
1051 2195 1142 2260 cuius
1163 2202 1280 2261 tectum
1297 2218 1325 2260 eo

155 2283 387 2367 mimiqeuium
409 2306 425 2349 e
448 2284 606 2349 codicibus
628 2290 751 2349 erutum
774 2283 926 2366 princeps
952 2284 1048 2349 edicti.
1099 2283 1220 2366 Quibus
1242 2286 1280 2349 de

160 2372 236 2436 uitis
258 2394 328 2437 cum
350 2372 445 2452 iufra
467 2374 624 2453 aqeuclum
646 2371 696 2453 eit,
726 2371 794 2437 iam
820 2373 865 2437 acl
886 2373 1119 2438 celeberrimum
1142 2372 1280 2438 eiusdem

161 2461 301 2525 auctoris
325 2482 401 2542 opus
424 2466 632 2540 trauseamue,
657 2459 763 2525 Vitam
791 2460 910 2526 scilicet
936 2461 1122 2526 Columbaui
1145 2461 1279 2543 cliscipu-

161 2551 321 2631 larumquc
344 2549 421 2614 eicie

268 2655 405 2719 Fratres
422 2654 596 2719 Bobieusee
615 2675 683 2719 cum
702 2676 726 2719 c.
743 2677 774 2719 a.
792 2661 866 2720 639.
890 2655 1047 2737 reviseret,
1071 2658 1173 2721 Iauas
1190 2656 1280 2720 iussu
1297 2678 1324 2721 se

161 2745 301 2824 BertulJi
324 2750 495 2826 roqatuquc
513 2763 620 2807 eorum
636 2742 800 2825 pollicitus
823 2746 889 2808 est²
911 2765 944 2808 se
967 2744 1154 2809 Columbaui
1171 2744 1280 2826 patris

161 2841 317 2900 teaturum
347 2854 412 2898 esee
439 2838 529 2915 qesta
557 2852 655 2912 meque
677 2852 750 2896 uero
773 2838 847 2896 aute
869 2832 1043 2897 trieuuium
1066 2834 1110 2896 acl
1130 2834 1280 2898 eolaeucla

160 2930 232 2989 uota
254 2922 412 3008 perueuit,
443 2943 512 2986 cum
535 2921 685 2986 Amouda
715 2920 885 2986 adiunctus
911 2920 1117 3002 fluctibusque
1141 2921 1280 3003 aqitatus

160 3013 215 3078 aiu
245 3012 306 3077 otio
335 3010 497 3092 studioque
526 3009 746 3075 abundaberit.
799 3009 937 3074 Iuterim
961 3009 1159 3091 propositum
1187 3030 1280 3075 sicum

161 3102 256 3167 etiam
291 3103 336 3166 acl
368 3099 539 3182 discipulas
571 3098 720 3182 maqistri
750 3119 859 3180 eosque
888 3099 1077 3179 euteuderat,
1112 3097 1167 3179 qui
1195 3097 1280 3162 iuter
1298 3123 1324 3162 eo

160 3196 326 3255 sectatores
355 3189 493 3254 eiusdem
522 3187 659 3253 emiuere
688 3187 751 3252 sibi
779 3186 842 3251 uisi
871 3193 1105 3267 acutaeque
1134 3206 1214 3267 quac
1242 3187 1280 3250 iu

160 3299 273 3342 mamae
274 3276 364 3342 teriis
386 3283 416 3342 et
436 3275 591 3341 Bobieuei
613 3282 642 3340 et
663 3275 877 3340 Euariaceuei
896 3282 985 3357 qesta
1007 3281 1099 3339 eraut
1087 3274 1280 3340 tmiracula

161 3365 290 3446 eiuqula
328 3365 497 3429 memoriae
542 3366 668 3429 ualere
699 3370 796 3445 praet
797 3363 927 3428 ermisit.
993 3363 1079 3444 Opus
1116 3363 1210 3427 abbat
1211 3362 1280 3427 ibus

162 3452 358 3518 Luuouicuei
380 3453 603 3534 Bobieusique,
633 3451 752 3517 scilicet
775 3452 973 3518 Walcleberto
1003 3458 1032 3516 et
1053 3451 1110 3534 qui
1131 3451 1246 3516 Bertul
1242 3452 1325 3604 fa⁸⁶

161 3541 291 3608 iuterim
306 3562 483 3606 eucceesera
484 3541 679 3622 tBoboleuo,
703 3540 791 3606 licat
778 3547 843 3604 tum
857 3540 894 3605 iu
909 3542 988 3606 luae
1003 3540 1100 3605 libros
1115 3540 1192 3606 (liet
1166 3540 1280 3604 timuit·
1269 3593 1275 3604 .

162 3634 303 3718 primus,
319 3628 434 3711 iuquit,
451 3630 545 3694 beati
562 3629 750 3694 Columbae
767 3633 865 3713 geete
880 3631 1091 3713 perstringit,
1109 3563 1325 3694 secundus⁸⁶

163 3721 411 3805 discipulorum
436 3720 508 3784 eius
528 3719 689 3795 Athelee,
716 3718 879 3782 Eusthaei
901 3719 956 3783 vel
980 3723 1171 3784 ceterorum
1196 3737 1280 3801 quas

163 3810 381 3874 meminimus
397 3808 504 3872 vitam
520 3808 687 3873 edisserit.
731 3806 918 3871 Columbaui
935 3806 1102 3871 historiam
1119 3806 1157 3871 iu
1169 3805 1281 3888 priore

163 3897 239 3963 libri
261 3898 293 3962 Ι.
310 3902 407 3980 parte
437 3893 479 3977 (c.
506 3898 641 3980 1-17)
669 3916 767 3976 usque
795 3897 841 3960 acl
867 3894 1063 3960 monasteria
1091 3895 1128 3959 iu
1158 3896 1281 3975 Vaeaqo

163 3985 291 4052 camlita
302 3984 465 4067 pertumc,
485 3984 605 4050 adluis
622 3983 789 4048 miraculis
803 4004 884 4065 quae
899 3990 1027 4048 sauctus
1041 3983 1158 4048 ibidem
1169 3989 1280 4066 patra·
1298 4005 1326 4045 u

163 4075 276 4156 uisset,
297 4073 456 4157 posterior
478 4093 575 4154 eaque
597 4071 722 4155 louqior
743 4071 839 4137 buius
860 4071 937 4138 libri
952 4093 1036 4154 pars
1059 4069 1099 4153 (c.
1121 4073 1279 4155 18—30)

166 4284 193 4352 1)
218 4283 249 4338 V.
268 4282 384 4338 Columb.
400 4284 498 4351 11,12.
588 4285 617 4352 2)
645 4282 688 4348 Cf.
707 4283 847 4352 epistulam
865 4282 896 4337 V.
916 4281 1076 4334 Columbaui
1092 4283 1280 4350 promissam.
