2978 4928
413 390 539 459 IONAS,
552 388 673 446 VITAE
692 388 919 444 COLUMBANI
936 387 1045 444 LIBRI
1062 389 1102 445 Π.
1300 393 1316 445 9

199 579 304 637 autem
331 571 497 653 paschatis
531 571 735 636 celebratione
770 577 833 635 tota
867 569 1016 634 dioecesis
1050 591 1146 652 quam
1179 571 1317 636 manime

192 661 451 741 perturbabatur.
497 660 687 741 Plerumque
710 658 808 724 Scotti
835 658 1094 724 resurrectionem
1124 659 1316 725 dominicam

197 749 265 812 iam
288 749 466 830 septimana
481 755 554 814 ante
569 749 810 828 celebraverant,
834 768 929 829 qnam
944 746 1105 828 episcopm
1125 747 1316 814 Gallicanus

198 859 268 901 cum
297 837 365 902 suis
394 839 639 919 subsequeretur,
670 857 909 918 nonnumquam
937 842 1072 917 utraque
1100 857 1182 917 pars
1210 859 1315 902 mense

166 925 320 1007 ointeqro
354 925 515 992 disiuncta
549 932 626 990 erat.
673 925 835 1007 Mapnum
866 931 970 989 autem
1001 924 1106 990 odium
1140 924 1183 990 iis
1217 926 1316 991 annis

198 1014 296 1078 Scotti
329 1014 493 1096 subibant,
533 1014 645 1095 quibus
675 1012 810 1079 Victorii
844 1020 1009 1079 sectatores
1037 1020 1170 1096 propter
1204 1015 1315 1079 lunam

196 1109 344 1184 quartam
373 1102 527 1168 decimam
554 1101 592 1167 in
615 1103 697 1168 diem
720 1101 912 1167 dominicum
934 1104 1167 1182 subsequentem
1190 1103 1315 1184 pascha

196 1191 404 1272 distulerant·
427 1198 500 1257 tunc
522 1191 607 1256 enim
629 1198 743 1273 septem
766 1190 874 1256 dicbus
888 1190 972 1256 illud
988 1190 1201 1272 anticipantes
1216 1191 1314 1256 oculis

196 1280 454 1345 aduersariorum
469 1280 658 1345 uidebantur
673 1301 738 1344 esse
753 1278 1037 1361 quartodecimani.
1076 1281 1121 1344 Id
1135 1302 1222 1345 anno
1237 1287 1312 1344 600.

152 1390 224 1449 iop.
255 1368 331 1433 Chr.
357 1368 482 1450 accidit,
506 1389 566 1450 quo
590 1368 704 1434 Scottis
727 1370 757 1433 d.
782 1375 812 1433 3.
832 1367 961 1449 Aprilis
984 1369 1004 1432 l.
1031 1368 1178 1450 XVIII,
1208 1368 1298 1434 Galli

195 1464 298 1522 autem
332 1459 361 1522 d.
397 1465 447 1522 10.
471 1457 598 1539 Aprilis
631 1459 652 1522 l.
678 1457 784 1521 XXI.
812 1457 938 1539 pascha
975 1457 1194 1523 celebrandum
1233 1466 1312 1524 erat.

193 1545 346 1627 Episcopi
369 1567 438 1610 cum
461 1545 755 1628 quartodecimanos
775 1545 1015 1628 deprehendisse
1037 1545 1099 1611 sibi
1121 1546 1311 1629 uiderentur,

194 1641 405 1699 conuenerunt
418 1635 664 1716 sententiamque
678 1633 868 1699 unanimam
884 1634 1051 1699 dicerunt:
1071 1633 1164 1700 ‘mum
1179 1636 1313 1702 Iudaeis

193 1723 301 1802 facere
324 1724 448 1806 pascha
470 1744 536 1788 non
558 1724 721 1789 debemus’.
774 1722 984 1788 Columbunus
1006 1730 1110 1787 aulem
1132 1723 1224 1789 illam
1252 1725 1312 1805 fri·

151 1833 176 1872 n
193 1811 296 1876 uolam
318 1812 544 1894 inpolitumque
566 1811 724 1891 indicam,
749 1809 930 1876 Candidum
952 1818 1101 1877 rectorem
1118 1813 1313 1894 patrimonii

193 1900 278 1964 sedis
312 1900 501 1982 apostolicae
538 1921 576 1964 en
610 1922 641 1964 a.
666 1905 741 1964 595.
776 1899 813 1963 in
846 1898 967 1964 Galliis
1000 1907 1176 1965 uersantem
1203 1902 1311 1983 primo

193 1988 312 2053 adiisse
349 1988 482 2070 uidetur,
521 1990 576 2053 sed
612 2009 795 2069 responsum
832 1987 939 2052 minus
972 1987 1150 2067 fauorabile
1184 1990 1310 2071 accepit,

193 2077 312 2142 scilicet
335 2077 482 2158 imparis
504 2076 692 2158 antiquitate
714 2078 865 2141 roborata
879 2076 1000 2141 mutari
1015 2098 1080 2141 non
1096 2098 1199 2158 posse.
1235 2078 1310 2143 Iam

194 2171 291 2229 totam
306 2187 435 2230 causam
451 2168 496 2230 ad
514 2164 705 2248 (troparium
714 2187 840 2248 papam
856 2164 967 2230 detulit
975 2166 995 2245 1,
1013 2163 1114 2230 ‘Petri
1129 2167 1310 2232 cathedram

149 2277 175 2316 so
194 2254 326 2335 apostoli
356 2261 386 2319 et
414 2254 616 2320 clavicularii
646 2253 781 2336 lepitimc
810 2253 1018 2335 insidentem',
1048 2260 1084 2318 ut
1112 2255 1215 2336 ipsius
1243 2277 1310 2320 sen-

193 2343 293 2407 tentia
330 2349 387 2408 aut
422 2349 627 2408 cumsaretur
663 2348 720 2407 aut
755 2343 964 2407 damnaretur
1000 2342 1220 2408 schismaticus
1256 2344 1310 2410 ille

201 2430 366 2512 Victorius,
398 2453 463 2496 non
492 2438 632 2513 receptus
663 2433 703 2496 ab
726 2431 916 2496 Hibernicis
945 2430 1089 2512 antiquis
1113 2432 1311 2515 pbilosophis

193 2526 222 2583 et
255 2519 500 2601 sapientissimis
534 2519 738 2602 componendi
776 2519 890 2585 calculi
928 2520 1144 2601 computariis.
1201 2521 1311 2602 Ipsius

185 2609 341 2692 paschale
364 2608 485 2674 Romae
513 2608 638 2690 quidem
667 2608 735 2674 iam
764 2608 821 2673 diu
851 2607 1001 2678 abolitum
1030 2615 1107 2691 erat,
1137 2611 1193 2674 sed
1221 2631 1311 2691 quem

148 2719 174 2758 m
193 2703 266 2762 tunc
288 2696 335 2762 ibi
358 2698 549 2762 adhibebant
571 2697 675 2781 cpclus
689 2696 846 2780 Dionpsii
859 2695 984 2779 Enipui
1002 2718 1036 2762 eo
1054 2698 1158 2779 mapis
1172 2698 1313 2764 distabat

193 2808 214 2850 a
244 2792 343 2851 uetere
373 2787 548 2851 Scottorum
576 2787 807 2868 supputatione.
859 2785 1072 2852 Columbanus
1101 2786 1180 2852 luna
1205 2787 1308 2852 XXI.

192 2881 221 2938 et
246 2875 373 2939 XXII.
398 2873 556 2940 contendit
578 2875 703 2956 pascha
732 2895 797 2939 uon
828 2896 901 2955 esse,
932 2874 1081 2940 Anatolii
1107 2876 1251 2958 alleqans
1273 2877 1311 2940 de

187 2964 311 3043 pascha
333 2985 419 3044 opus,
443 2970 536 3045 utque
558 2961 730 3029 Victoriam
752 2984 787 3029 eo
809 2963 913 3045 mapis
927 2963 1092 3044 refelleret,
1110 2985 1172 3045 per
1195 2964 1310 3029 librum

192 3050 306 3132 quiin
330 3052 434 3116 Gallis
457 3058 531 3117 tunc
554 3051 833 3132 circumferebatur
856 3052 1010 3133 dopmatis
1029 3052 1183 3133 probauit,
1208 3073 1310 3117 resur-

147 3163 173 3202 39
191 3139 359 3204 rectionem
382 3139 573 3205 dominicam
596 3147 669 3206 ante
692 3138 925 3222 aequinoctium
940 3161 1071 3205 uernum
1091 3142 1310 3206 celebrandam

191 3250 257 3292 non
291 3249 375 3310 esse,·
412 3228 575 3311 iquoraoit
608 3235 711 3294 antem
745 3230 783 3294 de
816 3228 885 3311 ipso
920 3228 1116 3310 aequinoctio
1145 3236 1310 3312 utramque

191 3317 374 3401 discrepare
389 3323 528 3401 partem
552 3339 681 3399 cumque
703 3316 886 3383 aduersarii
905 3316 1087 3383 Nicacnum
1110 3319 1309 3400 accepissent,

191 3515 261 3561 tasse
278 3515 324 3573 est,
343 3511 419 3560 cuius
437 3511 566 3562 monario
577 3512 660 3575 fastis
671 3510 885 3562 Luaooicnsibus
896 3509 1089 3577 Martyrolopii
1100 3511 1312 3579 Hier·onpmiani

192 3581 272 3630 illata
296 3586 333 3631 cst
351 3580 422 3644 (cod.
440 3580 581 3648 Eptern.).·
606 3579 646 3635 ΙΙ.
665 3578 738 3635 Non.
757 3579 817 3635 Ian.
836 3579 928 3633 Aedui
947 3581 1067 3650 episcopi
1085 3584 1133 3647 (cf.
1155 3583 1197 3638 ‘N.
1217 3585 1309 3639 Arch!

147 3659 173 3698 35
191 3651 300 3715 XXIV,
322 3668 352 3718 p.
372 3653 445 3708 311).
483 3653 587 3705 Aeduus
611 3652 799 3718 appellabatur
816 3653 899 3704 abbas
921 3653 1113 3706 Bernhormsis
1136 3657 1249 3718 tertius,·
1275 3657 1309 3720 cf.

191 3722 338 3788 Antiphon.
367 3723 495 3774 Bernhor.
540 3723 588 3787 (F.
616 3722 650 3777 E.
675 3723 792 3775 Warren
820 3724 837 3775 l.
865 3724 881 3777 l.
910 3729 970 3778 torn.
998 3725 1018 3775 I
1021 3725 1072 3786 V).·
1100 3724 1239 3777 Damnum
1267 3742 1310 3778 or-

191 3793 267 3844 navit
284 3792 351 3858 (scil.
371 3793 509 3858 Christus)
528 3792 662 3847 Aedeum.
725 3793 898 3861 l)·Epistnla
917 3796 1077 3847 Columbani
1093 3797 1130 3846 ad
1149 3797 1311 3862 Greportum

191 3864 241 3928 (ed.
262 3864 301 3917 W.
323 3863 474 3930 Gundlach,
494 3863 559 3918 Ma.
577 3864 629 3932 Ep.
649 3864 706 3929 111,
721 3866 774 3921 156
783 3869 852 3932 sqq.)
877 3882 950 3918 anno
974 3868 1039 3918 data
1063 3873 1108 3932 est,
1133 3883 1186 3934 quo
1209 3869 1310 3935 pascha

191 3934 339 3986 Scottorum
365 3950 423 3986 cum
450 3935 516 3986 luna
539 3935 619 3992 XIV,
645 3937 711 4000 cycli
733 3937 884 3987 Victoriam
906 3937 1079 4002 conueniebat,
1104 3939 1134 3988 td
1157 3940 1227 4006 quod
1247 3946 1310 4006 post

144 4014 173 4053 40
191 4021 216 4058 a.
230 4007 290 4060 595.
310 4008 391 4056 annis
408 4011 513 4057 tantum
532 4008 592 4061 600.
611 4011 634 4058 el
653 4008 714 4061 603.
733 4008 835 4073 accidit,
855 4023 964 4075 cumque
982 4025 1014 4060 aa·
1031 4010 1144 4076 epistula
1163 4013 1311 4076 insequenti

191 4077 370 4143 intellepatur,
395 4078 505 4129 candem
527 4079 705 4143 quaestionem
722 4080 840 4130 triennio
857 4085 919 4130 ante
936 4081 1091 4132 ventilatam
1115 4097 1177 4147 esse,
1202 4097 1310 4148 cumque

190 4147 254 4199 haec
272 4163 297 4200 a.
311 4150 371 4203 603.
391 4150 541 4214 conscripta
558 4152 602 4213 sit,
621 4148 697 4200 illam
716 4165 741 4204 a.
756 4151 816 4204 600.
834 4149 1032 4203 attribuendam
1043 4167 1097 4203 9339
1109 4157 1189 4217 patet.
1215 4152 1309 4203 Etiam

190 4219 224 4273 A.
243 4218 350 4282 Hauch,
372 4218 585 4284 ‘Kirchmpesch
598 4220 804 4272 Dentschlands’
816 4221 841 4286 I,
854 4237 885 4286 p.
899 4220 975 4287 601⁸,
994 4223 1029 4274 ab
1046 4223 1095 4274 hoc
1113 4237 1185 4273 anno
1203 4223 1309 4288 lonpius

190 4290 331 4342 dissentire
348 4291 404 4341 iam
422 4290 516 4355 nohcit,
531 4296 675 4358 postquam
692 4293 833 4360 epistulam
851 4294 1089 4348 usercenses.
1108 4295 1237 4358 scriptam
1255 4307 1309 4344 9339

144 4366 172 4406 so
192 4360 254 4411 olim
273 4363 373 4412 cmsm't
390 4361 436 4426 (ib.
452 4377 482 4427 p.
494 4360 584 4428 584²).
