2978 4928
153 363 189 450 32
366 359 492 429 IONAS,
504 356 626 416 VITAE
645 359 875 416 OOLUMBANI
891 360 1001 417 LIBRI
1019 360 1059 419 11.

154 543 304 625 epistulae
327 545 372 608 ad
389 543 617 608 Theudericum
634 542 915 625 Chlothariumque
936 565 1026 627 reqcs
1040 544 1273 627 castiqatoriae,

154 639 265 698 contra
287 631 508 716 Aqrippiuum
531 633 569 696 de
592 631 797 698 damnatione
819 633 917 698 trium
940 633 1159 716 capitulorum,
1184 634 1273 699 deui-

153 741 211 803 que
234 720 357 786 libellus
380 727 491 786 contra
514 719 660 785 Arianos
683 721 787 786 adhuc
810 721 917 786 latent.

265 809 478 876 Columbanus
503 809 537 874 in
567 808 672 874 codice
701 811 838 892 quodam
862 811 1089 893 Sanqallensil
1117 813 1274 877 traditio-

152 916 236 963 num
261 899 475 964 Sooticarum
505 900 745 964 tenacissimus
776 904 994 966 consectator
1022 921 1088 965 nou
1118 899 1305 964 immeritos

152 987 363 1053 existimatur.
407 986 545 1052 Ordines
566 986 604 1050 in
626 988 767 1071 catoloqo
789 996 970 1054 sanctornm
985 988 1189 1054 Hiberniac²
1211 995 1275 1054 tres

152 1076 215 1141 sibi
237 1076 373 1142 invicem
399 1077 595 1141 succedentes
625 1075 767 1142 distincti
795 1084 878 1160 sunt,
910 1099 980 1143 cum
1008 1077 1119 1143 unitus
1148 1077 1275 1142 ordinis

146 1165 253 1249 primi
287 1170 413 1230 seruata
447 1171 476 1229 et
503 1164 541 1229 in
574 1165 682 1230 missis
711 1172 740 1230 et
768 1165 804 1231 in
833 1172 967 1232 tonsura
997 1173 1026 1232 et
1053 1166 1091 1232 in
1119 1167 1275 1248 paschate

153 1253 394 1319 desciscentibus
428 1253 480 1318 his
513 1255 561 1319 uel
589 1254 656 1320 illis
683 1254 846 1336 paulatim
875 1255 1054 1320 decreuerit.
1109 1256 1274 1321 Secundus

154 1344 231 1407 ordo
256 1337 302 1420 (a.
328 1344 530 1427 543—599),
554 1345 599 1408 ad
619 1364 709 1426 quem
737 1343 949 1409 Oolmubanus
977 1344 1104 1409 ratione
1126 1344 1275 1426 temporis
1292 1366 1318 1405 u

147 1430 349 1514 potissimum
371 1430 518 1513 pertinet,
542 1452 665 1514 paucos
693 1432 851 1514 episcopos
879 1433 1051 1515 multosque
1074 1434 1274 1516 presbyteros

155 1521 426 1602 comprehendens,
450 1520 562 1586 uarias
588 1522 763 1587 celebrabat
792 1528 822 1586 et
849 1521 965 1587 missas
994 1528 1024 1587 et
1051 1523 1188 1604 repulus,
1219 1524 1276 1587 sed

153 1630 254 1674 unum
271 1609 397 1693 pascha
415 1608 517 1674 XIV.
538 1610 617 1675 luna
634 1616 708 1691 post
729 1610 971 1693 aequinoctium,
994 1631 1094 1676 unum
1109 1617 1274 1676 tonsuram

155 1700 195 1764 ab
218 1719 297 1763 aure
320 1700 365 1762 ad
386 1718 496 1762 aurem
518 1699 665 1764 seruabat
686 1699 891 1782 mulieresque
915 1701 1086 1782 separabat
1115 1722 1137 1764 a
1165 1721 1274 1764 mona·

153 1786 281 1869 steriis,·
304 1787 415 1853 tertius
439 1783 485 1864 (a.
512 1787 714 1870 oss—665),
746 1788 798 1854 cui
820 1788 952 1854 eatremi
974 1788 1076 1871 ipsius
1106 1788 1190 1854 anni
1219 1791 1273 1853 ad·
1291 1811 1316 1850 a

154 1877 347 1942 numerandi
369 1883 452 1958 sunt,
476 1876 513 1942 in
536 1876 613 1943 locis
636 1877 768 1942 desertis
790 1877 956 1943 habitabat
969 1883 999 1942 el
1013 1876 1159 1959 oleribus,
1177 1898 1271 1959 aqua,

153 1965 355 2049 eleemosynis
377 1966 499 2031 virebat
520 1974 550 2031 et
564 1965 704 2048 propria
727 1966 903 2048 devitabat,·
932 1966 1146 2032 diversitatem
1169 1973 1273 2032 autem

153 2057 336 2120 extendebat
371 2055 408 2120 in
446 2062 627 2136 tonsuram,
667 2055 744 2120 aliis
782 2076 946 2137 eoronam,
986 2055 1062 2120 aliis
1100 2057 1274 2121 caesariem

153 2144 354 2225 habentibus,
385 2151 478 2226 atque
507 2143 602 2209 etiam
632 2142 670 2208 in
699 2144 938 2210 sollemnitatem
968 2145 1167 2226 paschalem,
1203 2165 1274 2210 cnm

154 2231 214 2297 alii
239 2232 341 2297 XIV.
365 2233 484 2314 luno-m,
509 2232 569 2298 alii
594 2233 696 2297 XVI.
728 2254 798 2299 cum
827 2233 919 2298 duris
946 2232 1195 2299 contentionibus
1224 2235 1316 2297 obn

154 2327 325 2386 seruarent.
379 2320 591 2387 Columbanus
613 2328 717 2387 autem
740 2343 761 2386 a
784 2321 896 2405 prisco
926 2342 1016 2404 quem
1045 2344 1067 2386 a
1095 2321 1273 2387 maioribus

154 2409 223 2475 suis
245 2416 408 2491 acceperat
428 2410 495 2475 ritu
517 2432 557 2476 ne
579 2432 715 2494 unquem
738 2411 864 2494 quidem
887 2416 1103 2477 transversum
1118 2410 1270 2476 discessit.

156 2497 254 2564 Scotti
283 2520 353 2564 cum
381 2505 499 2566 rectam
527 2501 623 2580 fldem
653 2500 713 2565 soli
743 2521 942 2566 conseruasse
972 2499 1034 2564 sibi
1063 2499 1126 2565 uisi
1160 2505 1271 2580 essent,

154 2587 421 2653 conversationem
466 2611 535 2653 eum
580 2589 676 2654 aliter
720 2589 917 2655 credentibus
962 2587 1163 2671 effnqiebant.
1232 2589 1274 2656 Ut

153 2676 337 2760 Daqunus³
360 2679 535 2744 Scottorum
564 2678 726 2760 episcopus
756 2680 801 2742 ad
828 2677 986 2760 episcopos
1007 2679 1188 2760 Anqlorum
1210 2678 1272 2742 Ro
1290 2694 1316 2740 n

153 2788 265 2831 manos
297 2768 426 2832 ueniens
455 2767 558 2832 cibum
586 2789 656 2832 mum
685 2767 728 2831 iis
762 2787 819 2832 nec
846 2767 883 2831 in
912 2768 1017 2832 eodem
1046 2766 1183 2850 bospitio
1212 2786 1272 2849 quo

153 2857 357 2922 uescebantur
378 2877 500 2922 suniero
522 2856 628 2936 uoluit,
652 2855 700 2920 itu
720 2855 932 2921 Columbanus
954 2877 1020 2920 non
1043 2877 1112 2921 cum
1129 2855 1273 2920 omnibus

153 2945 334 3012 sociabatur
366 2952 459 3028 atque
492 2944 683 3010 Theoderici
716 2944 800 3027 repis
830 2952 860 3009 et
887 2946 1013 3009 dmunm
1042 2950 1071 3010 et
1100 2947 1197 3026 dapes
1227 2965 1272 3009 re·

152 3036 290 3118 spuens4
317 3036 455 3115 fortasse
486 3055 552 3100 non
585 3036 686 3099 solum
719 3033 925 3116 impietatem,
960 3036 1017 3098 sed
1048 3032 1143 3099 etium
1177 3035 1273 3113 fidem

152 3125 311 3190 diuersam
334 3125 530 3190 abhorrebat.
577 3125 654 3189 Hac
679 3122 879 3205 separatione
901 3121 1045 3187 Romani
1067 3122 1274 3187 laedebantur
1290 3142 1315 3184 so

152 3213 346 3295 chstnluque
375 3215 420 3278 ad
447 3213 605 3296 episcopos
633 3213 820 3294 abbatesque
850 3211 1000 3277 Scotticos
1029 3212 1107 3277 data
1136 3208 1274 3294 Deponi

157 3301 403 3383 Columbanique
437 3301 561 3368 obbatis
589 3300 627 3366 in
661 3300 789 3366 Gallias
818 3299 974 3366 uenientis
1002 3301 1174 3381 euemplum
1197 3321 1273 3382 pro

152 3492 314 3559 Hieronymi·
331 3508 412 3562 opero
430 3509 448 3545 o
466 3493 601 3545 Vollarse'o
618 3493 731 3560 (Meque,
749 3492 853 3548 Patrol.
873 3492 919 3548 lot.
938 3492 1036 3560 XXII,
1055 3495 1103 3547 col.
1122 3492 1192 3548 1220
1204 3494 1272 3560 sqq.)

153 3567 209 3616 ium
227 3565 299 3618 edita
316 3572 376 3616 erat
400 3582 413 3618 c
437 3565 520 3617 codice
541 3564 670 3617 Vaticano
693 3581 721 3620 n.
740 3566 802 3632 642,
828 3566 877 3630 fol.
896 3565 940 3632 89,
965 3564 1013 3615 um·
1028 3563 1194 3629 Hieronymo
1211 3567 1272 3615 r‘tem

153 3636 223 3701 falso
241 3635 372 3687 attributa
388 3642 433 3692 est.
469 3637 558 3703 Neque
574 3651 642 3704 quoe
660 3636 820 3689 Columbom‘
835 3638 941 3688 nomine
957 3640 1031 3687 extat
1049 3634 1135 3687 meeis
1151 3636 1183 3688 dc
1199 3636 1274 3686 saltu
1290 3643 1315 3685 ot

152 3707 232 3759 lunoe
249 3709 387 3774 expositio,
405 3709 533 3775 inctpe'ens
550 3709 607 3759 lta:
626 3705 743 3761 Sanctus
760 3705 945 3759 Columbanus
962 3705 1030 3759 haec
1049 3705 1083 3758 de
1102 3706 1172 3758 saltu
1190 3705 1272 3758 lunae

153 3777 200 3844 ait,
226 3793 307 3846 quam
333 3778 364 3832 Ρ.
385 3778 494 3830 Gabriel
510 3778 605 3842 Meter,
631 3778 842 3830 ‘Johresbun'cht
867 3779 932 3830 dher
956 3778 999 3829 dte
1022 3777 1108 3829 Lehr·
1135 3778 1193 3829 und
1217 3778 1273 3828 Er·

152 3849 413 3914 etehunqs·Anetalt
442 3851 487 3901 des
516 3850 821 3915 Bendidium-Stltus
850 3848 1133 3902 Maria-Elnsledelu'
1162 3847 1271 3917 1886t7,

148 3934 179 3986 p.
192 3923 236 3985 30,
261 3920 376 3971 caudice
394 3920 563 3987 Souqollensl
579 3939 605 3976 n.
621 3924 684 3988 250,
710 3937 776 3975 saec.
793 3921 845 3987 IX,
866 3923 995 3989 princeps
1019 3920 1110 3986 edidit,
1134 3920 1272 3986 qmueum's

153 3993 240 4058 ipsius
262 3992 373 4059 scriptis
396 3992 462 4043 addi
483 3997 577 4060 potest,
603 3993 660 4045 licet
685 4009 743 4046 cam
761 3993 896 4058 Notqcrns
913 3992 1001 4044 Labeo
1025 3995 1056 4043 iu
1079 3997 1199 4058 computo
1222 4003 1271 4041 suo
1289 4001 1315 4040 ιο

154 4062 311 4114 Columbam'
327 4065 432 4115 nomine
449 4065 578 4129 citaverit,
590 4080 655 4116 nom
667 4069 760 4116 auctor
777 4064 879 4127 cyclum
891 4063 1125 4115 decemnovenalem
1144 4060 1272 4112 adhibens

153 4134 247 4185 multis
257 4135 339 4186 annis
352 4139 413 4201 post
429 4140 452 4187 et
459 4138 557 4203 procul
568 4136 650 4188 dubio
661 4151 726 4189 saec.
743 4135 821 4189 VIII.
831 4151 872 4188 coc.
885 4135 924 4186 uel
935 4119 987 4188 IX.
997 4136 1035 4187 iu.
1048 4133 1125 4199 dcqtt.
1181 4131 1208 4202 1)
1229 4127 1271 4196 Cf.

155 4204 258 4271 Greith,
277 4204 377 4261 ‘Gesch
403 4207 451 4258 der
475 4204 632 4259 altirischen
656 4206 768 4258 Kirohe’
785 4223 815 4272 p.
828 4207 889 4260 295.
979 4206 1007 4271 2)
1030 4203 1082 4259 Ed.
1102 4203 1223 4255 Haddah
1247 4208 1273 4254 tl

153 4274 249 4401 {trssbs
267 4276 285 4330 l.
298 4277 314 4332 l.
334 4277 410 4345 11,2,
429 4295 456 4345 p.
468 4280 530 4334 292.
585 4277 613 4348 3)
639 4276 987 4342 salamandrae.
1048 4276 1077 4344 4)
1102 4275 1133 4330 V.
1153 4273 1270 4327 Columb.
1289 4354 1315 4394 ὥ

169 4384 178 4412 ,
227 4388 233 4400 .
