2978 4928
355 409 482 479 IONAS,
494 408 618 464 VITAE
636 407 865 463 COLUMBANI
883 407 992 463 LIBRI
1007 407 1047 465 H.
1226 415 1263 468 93

249 591 306 671 fol.
324 597 476 655 79-82.
502 594 538 657 V.
555 591 704 656 Eustasii
728 588 881 672 (praescr.
905 591 1036 675 Incipit
1054 593 1126 656 vita
1149 595 1261 657 saneti

142 681 295 744 Eustasii
318 681 454 745 abbatis
478 680 598 762 XXII)
622 682 737 761 absque
756 678 961 763 praefatione
984 679 1184 761 interpolata,

248 768 404 832 columine
423 770 458 849 V,
477 769 534 849 fol.
548 768 678 832 7—11‘.
700 770 736 834 V.
754 766 941 834 Columboni
957 789 1026 832 cum
1041 768 1185 851 epistula,
1206 769 1262 833 secl

140 856 220 936 folio
235 856 337 922 eneiso
352 879 472 938 mapna
487 857 582 922 buius
597 857 674 922 libri
686 878 769 938 pars
784 879 805 920 o
820 855 923 920 uerbis
941 852 1067 939 [delites
1083 859 1150 922 hic.
1174 857 1259 922 Ocn-

109 947 212 1010 scito
237 941 276 1023 (c.
299 947 354 1028 17)
379 948 423 1010 ael
445 950 484 1010 ut
508 967 643 1011 omnem
668 939 876 1031 pallginam]
906 943 948 1024 (o.
966 946 1023 1028 27)
1049 945 1257 1010 desideratur.

248 1034 299 1098 De
322 1034 398 1099 locis
421 1035 584 1099 nonnullis
612 1034 786 1116 Guipnaril
812 1032 1081 1099 bibliothecarium
1104 1033 1256 1115 consului,

140 1143 244 1187 senem
267 1125 466 1188 venerandae
489 1122 630 1188 canitiei.

249 1211 371 1293 *A2c²)
390 1211 494 1277 Ooolen
505 1211 702 1276 Remensis
714 1233 746 1276 n.
758 1216 842 1275 1144
856 1206 942 1292 (782.
955 1206 1040 1294 768),
1053 1232 1134 1276 saec.
1145 1210 1257 1275 XIII.
1279 1225 1358 1276 *rr-⁴2-

139 1298 196 1379 in,
232 1299 287 1379 fol.
314 1305 467 1381 52—55,
506 1302 543 1365 V.
573 1301 714 1365 Albalae
748 1298 884 1365 eontinet
918 1295 1093 1382 spicam:
1127 1301 1257 1383 Incipit

96 1411 122 1450 ro
139 1389 212 1452 vita
243 1390 354 1453 sancti
377 1390 499 1464 Attali,
532 1391 629 1454 cuius
658 1390 788 1453 festum
817 1388 942 1453 colitur
958 1389 1019 1451 VI.
1044 1389 1128 1451 Idus
1152 1386 1256 1471 Maii).

245 1476 359 1561 Aioi)
389 1476 493 1542 Coelen
515 1477 781 1542 Parisiensis
808 1499 840 1542 n.
859 1481 943 1539 5297
971 1473 1074 1554 (Colb.
1093 1483 1167 1558 512,
1199 1477 1258 1541 Re·

137 1564 211 1646 pins
234 1567 348 1657 3293),
374 1586 454 1630 saec.
474 1566 584 1647 XIII,
609 1566 684 1630 olim
706 1564 1044 1646 Fulcarelimontensis,
1068 1566 1257 1644 fol.164-

142 1660 214 1718 166.
227 1655 262 1718 V.
271 1654 422 1718 Eustasii
432 1655 569 1720 continet
580 1650 747 1735 (praescr..·
758 1655 887 1739 Incipit
899 1655 971 1718 vita
983 1656 1094 1718 sancti
1106 1655 1258 1719 Eustasii

140 1744 285 1821 abbatie,
311 1745 408 1808 cuius
430 1745 599 1808 transitus
622 1744 747 1808 colitur
771 1746 893 1826 quarto
918 1744 975 1806 Kl.
995 1743 1125 1826 Aprilis
1144 1741 1257 1823 XXX]

95 1852 121 1891 rs
139 1831 276 1896 mediam
295 1831 380 1896 inter
399 1831 562 1913 utriusque
577 1831 738 1896 Iobannis
760 1838 790 1896 et
811 1830 958 1895 eremitae
981 1836 1010 1895 et
1030 1830 1257 1912 Obrpsostomi.

246 1920 362 2003 ,4269
408 1920 511 1986 Coelen
548 1920 942 2000 Montepessnlanns
979 1919 1022 1983 H
1049 1941 1082 1984 n.
1109 1926 1136 1998 1,
1175 1941 1255 1985 saec.

142 2007 254 2072 XIII.
270 2008 327 2089 in,
352 2008 570 2088 lepenelarinm
592 2030 742 2089 mapnnm
766 2008 799 2073 S.
817 2007 952 2071 Mariae
979 2007 1256 2088 Glaraeoollensis,

139 2096 255 2176 tomi,
279 2097 336 2177 fol.
357 2103 546 2177 133-144,
571 2099 607 2162 V.
630 2095 816 2162 Oolnmbani
839 2095 954 2160 librum
972 2096 1004 2159 I.
1028 2096 1143 2176 absque
1165 2096 1259 2160 later·

139 2185 207 2249 calo
230 2190 259 2249 et
275 2185 585 2269 praescriptionibus
608 2185 754 2267 capitum,
783 2183 1036 2265 subsequentibus
1058 2183 1258 2249 Irliraculisl

77 2293 120 2333 ro
140 2269 252 2355 (incip.
277 2275 408 2358 Incipit
432 2276 604 2359 praefatio
627 2277 664 2339 in
687 2274 862 2339 miraculis
886 2274 1047 2338 eiusdem.
1091 2273 1166 2352 Que
1190 2274 1256 2338 Do·

139 2362 251 2426 minus
267 2367 385 2428 noster
396 2384 457 2447 per
469 2362 612 2445 merita),
630 2370 701 2427 tom.
721 2363 757 2444 V,
774 2363 829 2441 fol.
846 2367 1036 2441 rso-184,
1057 2362 1094 2426 V.
1106 2361 1256 2426 Eustasii

138 2455 254 2514 tentum
277 2450 414 2516 continet
435 2457 528 2516 notae
545 2451 715 2532 inferioris
730 2471 828 2532 neque
843 2471 915 2515 uero
931 2450 1138 2531 praefatione
1160 2450 1258 2514 inter·

131 2539 243 2618 potata
258 2546 393 2621 auctum,
410 2540 461 2604 cui
476 2541 589 2606 lemma
597 2540 832 2622 praescriptum
848 2545 894 2604 cst
906 2539 999 2620 idern,
1016 2540 1099 2620 quod
1112 2538 1150 2602 in
1163 2540 1195 2602 A
1204 2540 1260 2604 2c³

137 2626 259 2708 lepitnr.
288 2628 369 2692 Dies
380 2628 586 2712 depositionis
597 2628 692 2693 buius
703 2629 807 2693 sancti
818 2628 923 2707 fabrus
932 2629 1022 2691 IIII.
1033 2629 1113 2692 Kal.
1125 2629 1264 2713 Aprilis·

90 2736 118 2775 rs
129 2734 193 2796 pro
216 2716 316 2780 IIII.
341 2717 427 2781 Non.
451 2717 533 2799 Apr.
557 2724 593 2782 ut
607 2716 858 2800 praescriptioni
879 2716 1018 2798 irrepsit,
1042 2716 1090 2780 ita
1113 2716 1149 2780 in
1173 2716 1255 2781 calce

130 2810 205 2884 post
221 2806 333 2869 cerba:
356 2827 433 2869 oum
452 2808 616 2873 victoriae
636 2827 719 2891 paee
740 2802 808 2885 (II,
829 2811 868 2869 10
885 2804 950 2882 en.)
969 2804 1177 2885 interpolatus
1199 2811 1253 2868 est.

241 2893 274 2957 A
288 2892 381 2977 2c⁴⁸)
407 2892 511 2959 Coelen
529 2894 747 2960 Tricensis
769 2916 801 2959 n.
822 2900 848 2973 1,
872 2914 954 2958 saec.
972 2892 1084 2956 XIII.
1101 2892 1156 2972 in,
1179 2893 1253 2956 olim

136 2979 170 3044 S.
195 2980 329 3046 Mariae
357 2980 632 3065 Olarneuollensis,
662 2982 781 3047 scilicet
810 2980 987 3062 lepenrlorii
1008 2980 1098 3044 illins
1127 2982 1164 3044 cle
1193 3001 1252 3061 auo

133 3070 224 3133 morlo
254 3070 303 3152 cpi
333 3077 433 3135 tomus
456 3072 551 3152 111²,
576 3073 613 3136 V.
636 3071 775 3135 Albulae
798 3069 941 3148 continet,
965 3068 1142 3149 incipiens:
1165 3067 1254 3132 (lum

89 3178 115 3217 sc
135 3177 216 3240 ergo
240 3161 445 3224 venerabilis
469 3159 637 3225 Columba
661 3157 728 3239 (II,
748 3157 794 3239 1).

240 3246 352 3311 Etiam
370 3254 481 3312 auctor
498 3248 608 3330 mapni
626 3246 803 3329 lependorr'i
818 3244 1042 3327 francopollici
1060 3265 1141 3309 saec.
1160 3245 1254 3309 XII.

134 3334 309 3416 compositi,
343 3336 433 3401 cuius
463 3336 659 3420 eaemploria
689 3337 849 3417 complura
872 3341 928 3400 aut
949 3334 1095 3416 perfecta
1118 3341 1175 3397 ant
1195 3333 1255 3397 im·

126 3422 272 3502 perfecta
302 3426 346 3489 ad
374 3445 431 3488 nos
453 3432 675 3506 pervenerunt,
706 3445 744 3489 en
774 3425 872 3488 altero
895 3424 931 3488 V.
961 3422 1147 3488 Oolnmboni
1170 3422 1256 3487 libro

132 3509 218 3575 nibil
240 3511 370 3576 admisit
389 3512 456 3577 nisi
478 3515 514 3578 V.
538 3514 678 3579 Athalae
701 3520 730 3578 ct
751 3511 907 3593 Eustasii,
931 3511 978 3576 ita
1000 3517 1034 3575 ut
1057 3511 1150 3576 libris
1172 3512 1251 3577 Aio

88 3620 115 3660 ss
133 3601 241 3663 eadem
274 3607 366 3682 atque
400 3601 500 3666 coelici
529 3602 594 3666 Aa
629 3601 740 3683 insint,
776 3621 905 3682 cumque
936 3607 1001 3665 tota
1030 3600 1167 3664 materia
1197 3621 1257 3665 sen

132 3687 343 3777 columinibus
365 3689 518 3770 disposita
540 3690 591 3771 sit,
620 3690 874 3756 Columboniana
891 3690 948 3755 boc
965 3689 1077 3753 ordine
1095 3709 1160 3754 sese
1182 3691 1250 3753 snb·

132 3783 314 3855 sequnntur.

242 3867 357 3930 Tomns
372 3867 425 3930 II.
449 3888 570 3933 menses
588 3867 803 3932 Februarium
821 3873 850 3931 et
867 3866 1029 3932 Martium
1052 3867 1253 3947 comprehen-

131 3953 209 4016 dens
231 3952 337 4017 Vitam
359 3955 508 4020 Eustasii
537 3953 605 4037 (H,
624 3955 749 4036 7-10)
780 3957 895 4036 absque
920 3954 1125 4037 praefatione
1154 3953 1248 4018 inter-

84 4062 113 4101 40
124 4041 238 4121 palata
260 4041 397 4107 mediam
425 4043 548 4108 exbibet
573 4045 658 4108 inter
683 4044 775 4109 Vitas
797 4044 958 4109 Iobannis
987 4050 1017 4108 et
1044 4042 1190 4108 eremitae
1219 4048 1249 4105 et

136 4127 362 4212 Obrpsostomi,
393 4131 460 4196 nisi
481 4133 565 4213 quod
586 4131 729 4198 A2c⁵“·⁰¹
751 4133 788 4197 in
817 4131 885 4214 ipso
907 4132 1060 4197 Eustasio
1089 4131 1245 4210 desinunt,

130 4222 290 4298 tentusque
311 4218 393 4284 idem
416 4241 481 4285 non
503 4223 603 4286 solum
629 4221 666 4285 in
689 4243 723 4285 eo
746 4220 802 4302 qni
823 4223 955 4285 eundern
977 4220 1122 4284 ordinem
1144 4224 1249 4283 serrat

131 4409 157 4474 1)
186 4408 350 4460 Bibliotheca
374 4411 496 4477 baprbpr.
514 4413 562 4467 lat.
581 4429 609 4467 n.
624 4415 700 4468 1904.
777 4412 805 4477 2)
833 4411 875 4476 Of.
893 4411 1044 4475 ‘Catalopue
1066 4407 1178 4476 ptntral
1201 4410 1252 4459 ries

129 4493 192 4532 mss.
211 4479 256 4530 des
273 4479 332 4535 bibl.
346 4483 424 4547 publ.
443 4484 488 4534 des
505 4481 716 4550 dlparternents',
736 4486 796 4534 tom.
816 4480 852 4531 II
866 4483 959 4545 (ser-iet
974 4483 1100 4546 prioris),
1116 4496 1145 4545 p.
1159 4481 1184 4532 ὃ.
