2978 4928
172 869 208 918 sp·
217 868 237 911 2·

255 321 274 374 2
468 315 595 384 IONAS,
607 314 729 370 VITAE
748 311 977 368 COLUMBANI
994 310 1104 366 LIBRI
1121 311 1161 370 IL

255 500 396 565 nondum
413 498 513 580 plone
536 496 705 562 extinctum
728 501 806 575 erat,
830 494 912 560 siem
933 515 972 559 eu
994 495 1030 559 V.
1049 491 1217 559 Desiderii
1239 491 1376 576 episcopi

264 585 454 654 Viennensis
487 585 593 667 oollipi
627 585 699 650 licet
707 584 727 665 1,
766 583 825 648 etsi
858 582 1063 664 componendi
1099 583 1239 663 facultas
1271 602 1375 663 paene

257 681 437 743 exaruerat.
483 673 646 739 Ecclesiae
681 671 872 738 Gallicanae
902 671 1073 736 senescenti
1102 692 1201 735 noous
1230 670 1376 736 surculus

257 764 374 831 insitus
396 770 443 829 est
463 783 537 827 mon
559 763 621 827 loto
643 761 781 839 diffusus
803 759 1062 841 immiprantibns
1085 759 1210 826 Scottis.

365 852 629 918 *Columbauo
653 852 729 914 duce
750 849 799 912 oel
826 847 999 913 Columba2
1025 848 1186 913 duodecim
1208 845 1407 913 monacbiis

257 941 387 1007 notione
417 938 543 1020 mour,
579 958 660 1020 quae
691 957 769 1019 pens
802 957 868 1001 non
902 942 965 1000 tam
997 936 1138 1018 lepibus⁵
1171 956 1267 1018 quam
1300 934 1377 1014 fidei

258 1029 454 1097 christianae
476 1028 601 1107 fernme
622 1025 765 1107 reliquas
794 1031 867 1090 tuuc
897 1026 986 1106 lonpe
1009 1026 1206 1106 praestabat,
1236 1023 1302 1088 oiri
1324 1025 1377 1087 ad·

258 1120 384 1183 modum
400 1121 568 1198 prouectas
586 1114 702 1179 aetatis
719 1134 758 1178 eu
772 1112 936 1178 Hibernia
948 1113 1087 1194 profecti
1106 1116 1151 1179 od
1163 1112 1378 1178 Britanniam

264 1205 424 1272 Gallicam
462 1204 666 1285 appulerunt,
705 1202 810 1283 ibidus
840 1201 1009 1283 paulisper
1045 1202 1212 1283 remorati,
1252 1203 1378 1266 tandem

265 1294 393 1360 Gallias
416 1292 507 1356 adiro
537 1291 765 1356 constituerunt
787 1291 832 1354 ad
852 1311 954 1355 mores
975 1290 1139 1355 bominum
1160 1290 1377 1372 inquirendos,
1398 1315 1423 1353 ιο

259 1389 295 1448 ut
323 1382 353 1447 si
381 1381 515 1463 inpeuia
544 1379 756 1462 repperissent
784 1381 828 1444 od
853 1380 986 1443 salutem
1008 1378 1222 1460 recipiendam
1244 1377 1377 1457 babilio,

260 1471 377 1536 ibidem
393 1469 605 1549 consisterent,
625 1467 677 1533 sin
692 1467 795 1548 aliter,
812 1469 856 1533 ad
869 1467 995 1532 munos
1009 1468 1156 1532 nationes
1170 1467 1378 1532 transirent⁶.

260 1559 348 1624 mec
369 1563 473 1623 autem
498 1555 710 1622 Columbanns
732 1555 769 1621 in
784 1557 988 1638 Lapenorum
1003 1556 1124 1634 finibus
1139 1562 1243 1636 natus,
1268 1554 1379 1620 libera-

262 1647 344 1713 libus
367 1645 482 1711 litteris
504 1668 526 1711 a
551 1644 696 1726 pueritia
717 1665 815 1726 usquc
836 1645 881 1709 ad
903 1643 1030 1709 virdun
1052 1651 1184 1710 aetatem
1206 1643 1378 1723 institutus,

264 1804 291 1873 1)
312 1803 353 1868 Cf.
372 1802 420 1857 SS.
439 1803 472 1862 R,
491 1802 591 1864 Meroe.
603 1801 660 1867 III,
673 1818 704 1867 p.
718 1802 779 1856 620.
809 1802 891 1853 Artes
907 1800 1094 1853 Romanorum
1111 1801 1234 1853 urbanas
1252 1801 1381 1866 inprimis
1400 1811 1424 1849 15

262 1877 292 1926 iu
311 1875 403 1926 Gallio
420 1873 573 1925 merediana
596 1873 699 1924 diutius
716 1873 881 1939 perdurasse
906 1874 1010 1924 monuit
1027 1872 1064 1926 H.
1083 1871 1212 1937 Zimmer,
1231 1859 1314 1922 ‘Uber
1338 1872 1380 1921 die

263 1945 418 2010 Bedeutuup
453 1945 499 1996 des
534 1943 650 1995 irisclceu
685 1943 819 1996 Elements
854 1944 906 2007 fur
941 1943 984 1994 die
1019 1943 1239 1995 mittelaltulicbe
1275 1941 1379 1994 Culter

263 2015 454 2082 (‘Preussiscbe
466 2014 648 2068 Janrommr
662 2016 739 2080 1887,
759 2014 836 2079 LIX,
854 2031 880 2081 p.
893 2014 1027 2078 27-59).
1087 2016 1115 2082 2)
1143 2013 1259 2081 Utroque
1275 2014 1381 2065 nominc

264 2088 348 2139 Ionos
364 2089 395 2138 iu
411 2086 441 2141 V.
462 2087 517 2140 Col.
535 2086 559 2152 I,
579 2087 612 2139 2:
635 2083 821 2137 Columbsnus
845 2082 892 2150 qui
917 2087 946 2136 et
964 2082 1100 2136 Columba
1123 2090 1147 2136 et
1164 2086 1190 2151 I,
1210 2088 1260 2140 17:
1284 2085 1380 2137 beatus

264 2156 349 2225 igitur
368 2155 561 2222 Columbanus,
587 2154 674 2208 isdem
693 2153 836 2222 Columba,
862 2155 933 2206 alias
950 2156 1027 2207 modo
1045 2155 1101 2220 boc,
1126 2157 1202 2208 modo
1220 2157 1267 2208 illo
1284 2158 1379 2208 utitur.
1399 2167 1426 2204 so

265 2228 381 2279 Sanctus
399 2229 502 2292 ipsein
523 2228 644 2293 epistulis
668 2228 726 2278 suis
749 2241 844 2277 norun
862 2225 1004 2277 Columbae
1028 2229 1185 2293 anteposuit,
1211 2227 1282 2293 quod
1300 2225 1381 2278 Ionos

265 2298 394 2361 bebraicc,
414 2296 551 2348 Peristera
567 2311 661 2360 praece
680 2295 801 2348 reddidit
818 2295 896 2362 (MC.
915 2295 968 2362 Ep.
986 2296 1043 2362 III,
1058 2315 1087 2364 p.
1101 2299 1165 2359 176)
1182 2299 1314 2364 latineque
1331 2298 1381 2346 im·

265 2370 377 2419 mutauit
393 2368 424 2417 in
435 2366 598 2417 Palumbum
616 2367 664 2430 (ib.
677 2383 708 2432 p.
722 2368 797 2431 170),
814 2366 859 2418 sed
877 2368 906 2418 in
923 2382 981 2418 nna
998 2382 1092 2418 carum
1109 2383 1190 2435 caque
1205 2369 1381 2421 candissimo

266 2454 359 2491 nomen
383 2439 545 2490 conuertitur
562 2436 610 2501 (ib.
624 2454 655 2503 p.
675 2439 740 2496 156)
757 2437 905 2504 ‘Barpomo
929 2439 991 2489 citis
1014 2438 1151 2505 columbo',
1177 2441 1197 2492 i.
1216 2456 1235 2494 e.
1255 2440 1382 2491 Borionu

267 2511 378 2574 filius
405 2507 552 2573 Columbae,
577 2523 659 2573 neque
682 2509 772 2574 Ionos,
799 2511 839 2560 ita
863 2515 895 2560 nt
916 2514 996 2576 pater
1018 2511 1106 2576 ipsius
1124 2511 1265 2562 Columbae
1288 2525 1381 2562 nuncu
1399 2520 1427 2559 25

266 2581 360 2631 tulisse
385 2579 517 2642 redeatur,
543 2593 684 2644 versusque
707 2581 756 2645 qui
777 2581 803 2630 ei
823 2581 894 2632 iusto
918 2582 978 2632 iure
998 2580 1185 2632 attribuuntur
1203 2580 1251 2650 (ib.
1265 2598 1295 2647 p.
1316 2583 1381 2638 182)

268 2650 435 2702 acrostichon
461 2650 599 2713 efficiunt:
627 2647 812 2701 columbanus
836 2648 975 2705 Hunaldo.
1014 2651 1080 2703 Cum
1105 2654 1192 2718 ipitur
1216 2667 1270 2703 uon
1296 2653 1380 2704 solum

268 2721 441 2786 biopropbus,
466 2721 512 2772 sed
535 2721 616 2771 ctiam
633 2726 741 2771 sendus
758 2722 814 2788 ipse
831 2728 973 2788 utrumqne
990 2737 1084 2774 nomen
1103 2723 1285 2787 adhibuerint,
1311 2738 1380 2773 cum-

267 2808 316 2858 que
334 2792 378 2842 bic
397 2790 522 2843 Columba
539 2793 698 2857 nuncupari
713 2798 824 2857 nequeat
840 2795 898 2843 nisi
913 2793 1006 2844 addito
1022 2795 1144 2847 uocabulo
1161 2796 1275 2860 iuniore,
1300 2800 1330 2844 ut
1348 2793 1381 2844 ob

267 2862 359 2915 abbate
376 2862 482 2927 Hpmsi
497 2863 601 2914 seniore
625 2863 819 2929 distiupuotur,
847 2864 970 2929 repleatis
994 2866 1170 2916 recentiorum
1195 2865 1273 2918 rebus
1297 2867 1381 2929 noeis,
1401 2873 1427 2912 ³0

266 2948 361 2986 nuncu
380 2932 542 2984 Columbaui
564 2938 624 2983 aute
649 2933 697 2985 bos
721 2949 808 2986 annos
824 2935 911 2986 solum
928 2936 1059 2988 usitatm
1076 2951 1184 2988 seruare
1200 2938 1286 2988 risum
1303 2943 1341 2988 est
1359 2940 1382 2986 et

266 3005 375 3056 Fuulcio
393 3004 476 3068 (‘Zur
497 3002 587 3055 Gcscb.
605 3004 654 3054 der
675 3003 855 3056 oltbritcscben
873 3005 992 3071 Kircbe',
1014 3006 1228 3074 ‘Kircbenpescb
1246 3006 1381 3059 Abbandl.

267 3077 323 3126 und
347 3072 515 3126 Untersucb!
532 3074 557 3138 I,
575 3075 640 3141 430)
658 3081 682 3126 et
699 3075 774 3129 milri.
859 3076 886 3142 3)
914 3076 943 3127 a
958 3077 1055 3144 quibus
1072 3078 1145 3129 solus
1162 3085 1241 3131 notus
1259 3085 1295 3129 cst
1313 3079 1383 3129 alter

268 3145 453 3211 Columbanus,
480 3160 557 3211 quem
584 3160 617 3196 eu
642 3147 730 3198 codem
755 3160 849 3212 perure
875 3163 978 3214 unoque
1005 3155 1150 3200 commeatu
1176 3156 1200 3201 et
1224 3152 1329 3202 nomine
1350 3165 1382 3199 eu

266 3215 402 3267 Hibernia
417 3217 575 3282 processisse
591 3216 683 3282 Ionas,
703 3217 734 3269 V.
754 3216 868 3277 Columb.
886 3218 967 3286 Ι,17,
986 3220 1095 3275 rettulit.
1125 3221 1270 3273 Praetereo
1283 3221 1383 3272 Scottos
1401 3227 1427 3266 ob

266 3288 414 3338 nominmit
439 3287 682 3340 cFontoncnsibns
699 3289 834 3340 monacbis
861 3289 909 3342 bos
928 3290 1105 3358 Cominiuum,
1124 3293 1272 3357 Eunocnm,
1291 3291 1382 3357 Equo-

267 3373 379 3422 uouum,
391 3357 455 3407 dum
467 3363 596 3424 quartum
610 3358 773 3424 Gurpauum
783 3375 876 3425 ponere
887 3361 1038 3414 Brittoucm
1049 3365 1133 3427 fuisse
1146 3364 1272 3427 affirmat
1285 3363 1316 3428 (c.
1329 3362 1381 3427 13).

267 3427 296 3478 Ε
312 3427 448 3479 sodalibus
461 3427 620 3480 Columbani
637 3429 711 3495 impe
728 3431 895 3483 clarissimus
909 3432 1005 3485 Gallus
1022 3434 1070 3486 ille
1084 3440 1129 3497 cst,
1147 3435 1224 3485 cuius
1242 3435 1311 3483 citas
1323 3432 1381 3485 Sor.

267 3514 321 3556 rer.
339 3498 438 3553 Meroe.
458 3499 509 3563 IV,
532 3515 560 3564 p.
580 3501 742 3555 uso-337.
762 3501 899 3557 edidimus.
936 3503 1056 3571 Denique
1079 3506 1166 3570 ipsius
1190 3505 1294 3553 comites
1317 3518 1382 3552 enu-

267 3569 392 3621 merandi
407 3575 470 3621 suut
487 3570 638 3623 Autieruus
655 3575 688 3637 (c.
709 3573 766 3637 11),
789 3573 852 3624 Dora
876 3579 900 3624 et
916 3574 1073 3626 Potentiuus
1095 3577 1130 3639 (c.
1149 3575 1206 3638 21),
1232 3574 1284 3624 sioe
1302 3573 1384 3624 Scotte'
1401 3583 1428 3621 co

267 3645 352 3705 mont,
371 3642 423 3692 sice
440 3656 503 3692 uon.
583 3642 612 3709 4)
634 3642 677 3706 Cf.
696 3643 799 3695 Adami
816 3645 896 3696 Gesta
914 3643 1056 3713 Hammab.
1076 3645 1133 3696 eccl.
1152 3645 1248 3708 pontif.
1268 3644 1287 3695 I
1289 3645 1318 3707 V,
1334 3647 1382 3698 10:

266 3708 439 3776 Hyberniam
465 3708 611 3764 Scotorum
635 3712 761 3781 patriam,
787 3730 857 3781 quae
882 3732 955 3768 nunc
978 3713 1074 3767 Irland
1098 3713 1206 3768 dicitur.
1297 3716 1324 3781 5)
1352 3714 1382 3766 V.

268 3780 384 3832 Columb.
402 3781 426 3847 Ι,
443 3784 470 3837 2.
562 3783 589 3850 6)
614 3783 655 3835 Ib.
673 3784 698 3848 I,
716 3785 741 3838 4.
780 3785 935 3852 Qnmrdur,
961 3792 1055 3837 utrum
1076 3787 1177 3836 uicinae
1202 3788 1324 3837 notiones
1343 3788 1383 3836 in·

266 3852 425 3917 tellcpeudoe
448 3858 511 3904 suut
535 3854 688 3906 Alamanni
715 3856 814 3922 aliique
835 3859 944 3924 poponi
966 3873 1003 3908 au
1027 3856 1105 3921 Itali,
1130 3858 1198 3908 sieut
1222 3859 1256 3911 A.
1275 3857 1383 3919 Hauclc,

268 3923 480 3989 ‘Kircbcuacscb
510 3922 715 3976 Deutscblands’
737 3926 761 3993 I,
785 3944 816 3993 p.
835 3927 913 3993 263³,
944 3928 1046 3979 statuit.
1092 3927 1166 3979 Certe
1194 3928 1381 3992 Columbouus,
1401 3937 1428 3975 45

268 3998 409 4059 autequam
427 3994 539 4045 Italiam
561 3996 680 4047 adeundi
702 3999 843 4049 consilium
867 4000 934 4066 cepit
951 3998 999 4064 (V.
1019 3997 1133 4052 Columb.
1152 3999 1176 4064 I,
1195 4001 1253 4062 25),
1280 3997 1383 4064 ‘pentes'

267 4079 294 4116 se
306 4066 479 4115 usitatarum
490 4073 596 4118 coenat
609 4067 685 4135 (MC.
698 4067 751 4135 Ep.
763 4069 819 4136 III,
835 4086 865 4135 p.
880 4071 955 4132 167),
973 4084 1082 4135 cumque
1093 4071 1243 4135 ‘prosimos
1254 4068 1383 4120 notiorns'

271 4134 464 4200 Tbcuddertus
497 4137 522 4186 ei
547 4137 584 4188 ad
606 4137 822 4203 praedicundum
849 4140 984 4192 obtulisset
1011 4140 1058 4205 (V.
1086 4139 1201 4198 Columb.
1221 4140 1245 4205 I,
1264 4141 1318 4206 27),
1348 4140 1384 4189 ad

267 4211 391 4328 Zolzatum
420 4206 512 4271 rediit,
543 4209 570 4258 si
597 4209 668 4273 forte
698 4213 792 4275 ‘pentes
821 4211 934 4263 uicinos’
963 4217 1109 4262 conuertere
1138 4212 1251 4276 calmet,
1288 4211 1349 4262 scil'
1374 4216 1384 4260 t

323 4291 443 4330 mannos.
1402 4294 1429 4332 50
