2978 4928
160 357 196 411 34
373 348 498 418 IONAS,
511 347 634 406 VITAE
653 347 881 404 OOLUMBANI
899 347 1008 404 LIBRI
1025 349 1065 406 H.

160 541 190 600 et
211 534 386 616 quaeritur,
410 534 495 598 unde
517 532 601 598 bauo
623 531 802 597 litterarum
831 531 998 598 scientiam
1027 539 1171 616 artesque
1199 556 1280 617 quas

160 623 301 689 colebant
322 621 500 704 acceperint
523 620 622 686 Scotti
643 619 680 685 iu
706 626 842 685 extremo
872 622 945 687 orbe
973 621 1125 703 deqentes.
1178 623 1280 690 Fides

159 711 339 778 cbristiaua
360 710 467 776 Rorua
488 709 535 775 eis
557 715 638 774 certe
663 709 765 775 allata
787 715 841 791 est,
871 709 1143 792 caerimoniaeque
1165 711 1280 793 quibus

158 802 328 866 utebantur
357 799 509 865 obsoletae
537 797 646 864 niudis
674 796 811 864 saeculis
840 805 913 865 ante
942 798 1057 864 ibidem
1086 801 1277 865 colebantur.

163 888 292 972 Opclmn
320 887 505 970 pascbclem
533 907 624 968 quem
657 888 864 953 observabant
895 887 982 954 inter
1014 909 1045 951 a.
1077 894 1309 953 sle-342⁶

158 976 281 1042 Romae
310 983 345 1041 ut
378 975 551 1058 lepitimum
584 981 738 1058 receptum
772 996 837 1041 esse
871 975 1113 1058 demorestraoil,
1148 998 1278 1059 eumque

158 1065 345 1146 retinebant,
369 1064 441 1130 licet
461 1063 546 1128 ratio
567 1065 737 1145 modusque
758 1064 888 1130 interim
907 1086 973 1129 uon
987 1065 1081 1130 semel
1094 1064 1141 1129 ibi
1154 1073 1278 1133 nmtata

159 1161 269 1220 essent.
316 1152 368 1219 De
390 1152 473 1218 artis
496 1152 702 1234 picturaeque
723 1153 848 1218 ratione
876 1174 941 1235 qua
970 1153 1015 1217 ad
1042 1154 1161 1220 codices
1191 1176 1277 1220 ecor-

158 1245 285 1308 nandcs
306 1243 484 1324 utebantur,
507 1247 650 1306 monente
675 1240 791 1305 barum
820 1263 927 1307 rerum
955 1241 1047 1306 oiro²
1070 1242 1276 1326 peritissimo,

159 1330 243 1396 idem
269 1329 436 1396 dicendum
465 1336 518 1412 est,
548 1329 667 1396 seilicet
695 1329 791 1395 etiam
819 1331 903 1397 banc
931 1352 953 1394 a
975 1331 1134 1397 Rmnanis
1158 1333 1278 1399 Scottos
1295 1353 1321 1394 ιο

159 1418 317 1501 didicisse,
341 1420 397 1485 sed
418 1418 634 1500 deficientibus
662 1418 810 1500 exemplis
837 1419 1060 1502 mapistrisque
1084 1427 1195 1501 postea
1225 1423 1276 1487 ab

159 1529 293 1590 errasse,
316 1507 503 1590 fortiterque
525 1529 605 1590 quae
627 1527 713 1573 nuuc
738 1507 853 1574 iterum
877 1509 1039 1589 pullulare
1068 1508 1184 1590 incipit
1213 1508 1275 1590 opi·

159 1596 252 1662 nioni
273 1618 409 1663 vesanae
431 1603 541 1662 auctor
555 1617 642 1662 meus
659 1596 785 1678 obstitit,
802 1597 896 1678 quasi
910 1618 949 1662 ec
963 1597 1105 1679 Aeqpptc
1120 1596 1276 1678 oripinem

158 1684 231 1768 ipsa
254 1685 412 1751 trocisset.
457 1683 651 1768 Obirnrqiae
671 1705 791 1767 quoque
806 1685 960 1769 peritiam
975 1687 1138 1766 quandem
1155 1684 1275 1751 Colum·

158 1775 261 1839 banus
290 1773 438 1839 babuisse
465 1772 598 1854 uidetur,
629 1773 659 1838 si
686 1772 791 1857 ipsius
820 1773 992 1856 bioprapbo
1021 1773 1107 1839 credi
1134 1774 1191 1853 fas
1220 1780 1319 1856 est,1s

158 1861 293 1945 diqitum
314 1861 463 1927 monacbi
491 1862 575 1941 falce
603 1861 760 1928 abscisum
788 1863 986 1944 frontemque
1015 1861 1148 1927 alterius
1177 1884 1275 1929 cuneo

157 1952 278 2017 laesmu
300 1952 340 2016 ab
364 1971 398 2016 eo
421 1957 535 2016 curato
560 1971 625 2016 esse
634 1952 655 2014 ³.
701 1950 849 2033 Denique
877 1949 945 2032 ipse
973 1951 1111 2034 sociique
1140 1951 1209 2016 eius
1237 1953 1275 2017 de

156 2039 302 2106 societate
324 2039 468 2105 bumana
490 2039 603 2121 optimc
627 2039 735 2105 meriti
763 2046 846 2121 sunt,
876 2039 976 2104 sileas
1004 2042 1166 2105 caedentes
1194 2041 1274 2106 loca-

156 2150 214 2211 que
243 2130 368 2195 deserta
397 2129 537 2210 colentes,
566 2134 603 2192 ut
631 2129 716 2194 culta
744 2127 980 2194 necessitatibus
1008 2128 1158 2194 bumanis
1185 2134 1274 2195 terra

155 2217 224 2283 iam
245 2217 387 2283 serviret.
432 2216 622 2298 Mmooimn,
645 2216 793 2297 Bobium,
818 2217 851 2282 S.
881 2216 972 2282 Galli
993 2216 1188 2283 monasteria
1216 2219 1273 2296 fle
1291 2239 1318 2278 so

155 2305 339 2371 rentissima
361 2305 440 2388 qnid
461 2311 535 2370 ante
551 2306 670 2371 Scottos
691 2305 824 2387 fuerint,
847 2304 930 2370 iusto
945 2305 1016 2371 iure
1031 2305 1144 2388 quaeri
1162 2311 1271 2388 potest,

156 2415 399 2476 responsumque
421 2394 570 2476 optimum
593 2393 770 2460 reddidisse
792 2393 874 2458 mibi
902 2395 1027 2460 ridetur
1047 2394 1100 2459 eir
1120 2394 1176 2459 ille
1205 2396 1272 2460 doc

156 2482 298 2547 tissimus
331 2504 370 2549 ea
403 2485 511 2547 eadem
543 2489 633 2565 pente
659 2484 878 2565 propnatus4:
913 2483 1013 2563 Quid,
1052 2483 1166 2563 inquit,
1205 2485 1272 2549 nisi

156 2572 304 2638 latibula
338 2573 506 2649 ferarum,
541 2593 629 2655 quae
663 2577 783 2657 postea
817 2594 960 2638 amoena
994 2576 1093 2638 erant
1128 2574 1272 2636 humani

156 2663 321 2726 consortii
356 2661 558 2737 diversoria,
588 2665 769 2745 postquam
801 2683 842 2727 ea
870 2662 980 2726 nostri
1009 2662 1126 2727 labore
1157 2668 1193 2726 eb
1222 2662 1272 2725 in-
1289 2681 1316 2722 ss

157 2751 290 2815 dusbria
313 2750 509 2816 exsolueret
557 2749 693 2834 Quippe
717 2750 951 2815 Hibernorum
974 2750 1072 2814 labor
1101 2753 1137 2816 et
1167 2751 1271 2834 parsi·

155 2839 271 2903 monia
294 2848 328 2904 eb
351 2841 462 2923 pietas
486 2839 663 2902 hominum
689 2841 824 2903 traxere
853 2839 1099 2922 frequentiam
1131 2840 1271 2905 scholae

154 2948 306 2992 amorem
340 2930 528 3003 auxerunt,
568 2926 771 3011 disciplinae
808 2928 1050 3005 reverentiam
1090 2928 1183 2992 unde
1222 2929 1271 2992 eis

154 3036 339 3100 eorumque
378 3017 557 3101 discipulis
592 3016 763 3081 commissi
798 3017 880 3078 sunl
913 3017 988 3099 agri
1021 3016 1200 3080 excolendi
1235 3021 1271 3081 et

154 3105 259 3170 silvae
297 3107 524 3184 excidendae;
565 3108 744 3170 extructae
778 3107 861 3168 sunt
898 3106 1019 3168 domus
1053 3105 1271 3170 monasberiis
1290 3125 1317 3166 so

153 3196 382 3277 propinquae;
407 3195 532 3260 deinde
555 3195 660 3258 villae
684 3193 852 3278 paulatim
883 3213 1033 3267 crevere;
1065 3197 1101 3258 el
1130 3195 1270 3258 demum

153 3282 431 3347 immunitaffibus
465 3283 569 3364 regiis
600 3283 869 3365 opitulantibus
906 3282 950 3345 ad
985 3283 1164 3346 civitatum
1193 3284 1271 3346 iura

154 3371 190 3432 eb
213 3369 401 3453 dignitates
424 3372 563 3433 sveciae
586 3375 679 3434 sunt.

111 3499 136 3542 s.
261 3473 371 3539 *Bella
406 3472 598 3540 Columbano
630 3476 769 3556 perenda
797 3477 929 3556 fuerant
957 3483 987 3541 et
1018 3476 1171 3542 intestina
1199 3498 1269 3542 cum

153 3562 247 3629 sociis
269 3568 299 3627 et
320 3568 452 3628 esterna
475 3583 546 3628 cum
568 3562 728 3645 episcopis,
752 3584 890 3646 quaeque
912 3567 969 3630 sub
991 3565 1060 3647 ipso
1082 3572 1272 3629 exarserant
1288 3586 1315 3627 ss

152 3653 261 3717 eadem
283 3652 320 3717 in
342 3672 534 3718 successores
555 3673 624 3716 una
647 3673 716 3716 cum
737 3653 861 3734 reliqua
883 3653 1054 3718 hereditate
1080 3653 1267 3732 transfudit.

157 3740 311 3822 Quicum
333 3740 579 3821 difficultatibus
601 3762 666 3806 non
688 3742 904 3806 eodemmodo
920 3763 1022 3824 pares
1044 3747 1153 3822 essent,
1169 3741 1269 3806 tradi-

153 3965 180 4034 1)
201 3966 245 4019 ‘N.
258 3967 349 4021 Area)
363 3966 416 4031 IX,
430 3968 489 4024 167.
544 3969 571 4034 2)
589 3966 723 4034 Spru'uper
741 3967 814 4032 apud
829 3966 920 4033 Loofs,
938 3968 978 4018 Dc
996 3969 1109 4035 antiqua
1124 3968 1269 4019 Rrilonum

153 4036 339 4103 simonemque
356 4038 470 4103 ecelesia,
490 4039 569 4104 1882,
585 4054 614 4103 p.
628 4039 688 4092 119.
723 4038 799 4088 Inter
816 4043 901 4089 artem
919 4037 1057 4090 Scottieam
1075 4044 1099 4090 et
1116 4038 1268 4089 Rmnauam

152 4109 366 4161 nnmsitudimm
391 4110 529 4176 meandum
552 4110 712 4160 intercedere
735 4109 776 4160 cel
799 4109 831 4163 F.
857 4109 897 4164 W.
923 4109 1021 4175 Unper,
1045 4109 1098 4160 ‘La
1121 4111 1268 4161 mmmmm
1285 4124 1313 4164 Io

152 4175 313 4230 Irlaudatse'
338 4180 446 4244 (‘1leoue
470 4179 585 4247 cettr'que’
610 4179 649 4233 ed.
676 4179 781 4230 Gutdoe
806 4182 884 4243 1870,
907 4199 937 4249 p.
956 4183 1053 4247 seqq.)
1079 4195 1133 4232 uon
1160 4182 1268 4232 oomtm

152 4251 280 4312 uepaoit.··
336 4249 365 4318 3)
390 4251 420 4304 V.
441 4249 554 4304 columb.
570 4251 651 4315 I,15.
723 4249 752 4318 4)
779 4250 906 4313 0⁷Gonor,
930 4251 1032 4303 Rerum
1057 4250 1269 4304 Hibernicarum

152 4319 294 4384 scriptores
311 4326 414 4387 omres,
433 4321 664 4388 Bucbinqbcmiae
683 4323 761 4386 1814,
780 4322 803 4388 I,
819 4339 849 4389 p.
862 4323 922 4376 225.
1202 4354 1204 4359 ·
1224 4327 1228 4335 “
