2978 4928
360 365 484 434 IONAS,
498 365 619 420 VITAE
639 365 867 421 COLUMBANI
885 364 994 421 LIBRI
1012 365 1051 424 ΙΙ.
1230 370 1265 425 66

252 550 285 613 Α
306 549 370 632 lb⁸)
401 546 505 613 Codex
534 548 904 630 Heidelberpcnsis
933 536 1152 630 uniuersitatis
1181 550 1266 616 iuter

146 637 245 702 libros
266 636 454 702 monosterii.
469 636 512 701 B.
529 636 664 701 Murice
685 636 722 701 in
747 638 853 702 Solem
875 660 907 701 n.
925 643 955 719 9,
976 643 1027 719 21,
1052 659 1132 703 succ.
1152 638 1263 721 XIII,

141 726 371 807 pnuetcrruissc
395 726 430 789 V.
456 725 604 807 Albulae,
635 726 743 790 eodeni
765 727 833 804 fere
856 732 948 807 utque
970 726 1049 791 liber
1071 730 1265 808 praecedens

146 815 276 895 exhibet,
308 816 363 879 sed
391 813 471 878 liber
495 814 624 895 primus
645 814 767 895 inteper
788 814 835 879 ibi
864 822 1065 879 conservatus
1093 821 1139 880 est
1166 837 1264 898 neque

113 929 127 969 s
146 903 369 968 desiderantur
384 902 450 967 nisi
466 902 613 967 connino
629 902 831 984 laterculique
846 903 984 987 cupitum
999 904 1162 985 utriusque
1176 904 1262 970 libri.

253 1009 324 1072 Fol.
342 1014 468 1072 2-19.
493 1009 529 1072 V.
558 1008 746 1073 Columbuni
769 1015 869 1073 tentus
891 1016 965 1073 orta
987 1008 1112 1090 quiden
1134 1009 1263 1075 necessi·

147 1097 255 1162 tudine
279 1119 349 1162 cunr
372 1098 404 1161 A
424 1097 461 1160 lb
484 1097 669 1162 coniunctus
692 1103 744 1178 cst,
770 1097 913 1162 unittcns

191 1187 290 1266 I,22.
318 1207 542 1258 communem,
568 1186 667 1266 Lus.
692 1186 883 1264 clericatus,

144 1275 376 1356 immutansque
398 1274 492 1339 boec:

101 1392 128 1430 ιο
191 1364 221 1444 I,
242 1370 291 1427 ll.
318 1359 497 1445 laboravibl
523 1363 704 1427 laborabab
726 1364 759 1427 A
775 1364 821 1426 lb.
835 1361 891 1444 b*,',

218 1452 261 1516 ib.
321 1454 408 1517 vade
433 1447 511 1533 cibo]
538 1453 607 1516 cibo
630 1453 717 1516 vnde
741 1452 773 1516 A
789 1453 834 1516 lb.
848 1451 892 1533 b*,·

190 1541 220 1621 I,
241 1548 291 1604 14.
315 1537 523 1625 praefectus]
549 1542 663 1605 factus
687 1540 717 1603 A
737 1539 796 1621 lb*,·
819 1546 916 1605 actus
939 1541 971 1604 A
988 1542 1044 1623 lb,·

190 1629 289 1710 I,·26.
315 1625 499 1711 abdicavit]
526 1629 600 1693 Deo
625 1630 752 1693 dicavit
776 1629 808 1693 A
824 1630 870 1693 lb.
884 1628 923 1709 b',

145 1720 201 1782 sed
222 1739 260 1782 cn
282 1717 352 1800 ipso
371 1717 502 1782 minine
518 1719 644 1799 pendet,
669 1718 815 1799 supplens
832 1717 941 1782 bintus
958 1718 1130 1800 complures
1148 1718 1265 1784 codicis

100 1833 127 1872 n
144 1807 333 1870 vetustioris.
381 1807 500 1870 Locum
524 1805 748 1887 *Cbopnooldi
771 1806 991 1888 Mupnooldus
1019 1807 1072 1871 illc
1101 1807 1264 1886 fabulosus
1282 1833 1316 1876 ⁸.
1351 1865 1357 1877 .

144 1893 212 1959 iou
227 1894 397 1976 occupauit,
414 1894 603 1974 initiumque
618 1916 642 1958 c.
665 1901 713 1975 17,
734 1895 829 1958 uerbo
844 1894 962 1960 scilicet
977 1896 1042 1960 Oui
1054 1931 1096 1940 -
1108 1896 1261 1981 imperis,

145 1983 377 2047 desiderantur.

252 2073 323 2136 Fol.
352 2077 504 2135 19—23.
546 2073 675 2155 Incipit
705 2072 777 2135 viba
807 2073 916 2136 sancti
947 2074 1098 2137 Eustasii
1127 2074 1263 2138 abbatis

99 2275 127 2314 n
147 2157 216 2242 (IL
238 2159 486 2313 7Fob0bb—29.
524 2250 702 2333 Incipiunt
721 2249 958 2327 revelationes
978 2272 1043 2333 que
1064 2253 1100 2314 in
1121 2252 1262 2316 cenobio
1284 2341 1286 2346 Ι

146 2337 412 2421 Burgundofore
436 2339 609 2402 abbatisse
632 2339 703 2402 vise
727 2342 807 2401 sunb
832 2336 901 2418 (II,
925 2340 1079 2422 11—22).

252 2444 323 2507 Fol.
350 2447 514 2507 29—32‘.
561 2445 692 2527 Incipib
722 2444 845 2508 relatio
877 2446 918 2509 de
952 2446 1052 2510 beato
1080 2446 1262 2511 Ber'oholfo

143 2534 271 2698 ubbnbe
287 2535 322 2596 in
340 2533 450 2598 Bobio
467 2536 503 2597 et
519 2535 733 2616 quorundum
750 2533 897 2596 fratrum
914 2534 1117 2598 miraculum
1134 2535 1262 2599 ibidem

163 2621 215 2702 II,
241 2620 398 2703 23-25).

107 2735 135 2774 ss
257 2709 360 2774 Codeu
376 2716 576 2790 conparatus
596 2731 665 2773 curn
678 2709 710 2773 A
721 2710 757 2773 lb
773 2709 881 2774 inultis
899 2709 988 2774 uitiis
1007 2710 1140 2791 loborat,
1156 2731 1262 2792 quorn-

144 2818 203 2879 quc
225 2797 278 2862 bic
301 2800 434 2878 pnoebet
455 2804 638 2862 occurotorn
662 2797 850 2878 euernploris
879 2798 1058 2863 vetustioris
1079 2798 1260 2881 iuopinciu,

15 2927 17 2930 -
143 2885 181 2949 in
204 2907 238 2949 eo
261 2887 387 2966 frustra
405 2907 551 2967 quaeras.
597 2887 757 2951 Vocabulo
779 2885 864 2950 enirn
886 2886 933 2951 ibi
954 2908 1046 2968 saepe
1069 2887 1137 2952 ulio
1160 2893 1262 2952 trous·

139 2973 256 3055 posita,
288 2975 357 3040 olio
381 2975 497 3039 omisso
524 2981 581 3040 aut
602 2996 670 3059 pro
693 2974 768 3038 aliis
798 2974 866 3038 clio
895 2974 1061 3039 substituto
1089 2981 1172 3056 sunt,
1196 2996 1262 3058 pro

145 3064 246 3142 enim,
271 3085 361 3146 ergo,
387 3085 452 3147 que
483 3085 508 3128 e.
531 3084 581 3145 pr.
605 3084 695 3136 vero,
726 3064 843 3146 igitur,
875 3064 1002 3147 itaque,
1032 3063 1207 3144 multosque
1234 3070 1264 3128 ct

96 3177 126 3218 so
142 3172 256 3232 prauos
285 3151 546 3234 interpolationes
569 3173 638 3217 curu
663 3150 699 3214 in
722 3150 855 3231 reliquis
878 3149 1028 3234 portibus
1051 3157 1079 3215 et
1102 3150 1132 3213 I.
1157 3157 1186 3214 ct
1207 3151 1261 3215 II.

144 3239 219 3304 libri
248 3246 314 3304 tunc
336 3239 474 3304 monime
496 3240 533 3304 iu
556 3242 592 3305 V.
616 3239 756 3319 Bertulpt
779 3238 848 3321 (II,
865 3241 923 3323 23)
948 3241 1043 3304 codes
1065 3259 1184 3320 possus
1206 3244 1260 3321 est,

140 3328 256 3408 quibus
278 3328 419 3393 rationes
441 3349 548 3393 rerum
565 3327 700 3410 plonius
722 3327 955 3411 cupedirentur.
999 3326 1111 3394 Ultimi
1129 3327 1262 3409 denique

141 3415 258 3497 cupitis
282 3422 381 3481 tentus
405 3415 474 3498 (II,
500 3421 558 3502 25)
584 3419 661 3482 odeo
683 3417 720 3481 in
744 3417 832 3481 breue
855 3423 978 3482 coactus
1000 3423 1053 3497 est,
1081 3423 1116 3481 ut
1134 3416 1262 3501 purtim

144 3505 285 3583 conferri
310 3505 462 3587 nequiret.

96 3637 125 3677 u
249 3610 363 3691 Albl)
400 3610 504 3677 Uodeu
525 3611 821 3677 Bruxellensis
845 3617 990 3693 nuiss,
1014 3632 1095 3677 socc.
1117 3611 1161 3693 X,
1186 3611 1261 3676 eliu

149 3698 470 3781 Weissenburpensis,
505 3700 619 3765 deiude
651 3700 917 3781 Molsbeirnensis,
952 3707 1017 3764 turn
1047 3699 1157 3764 Musei
1186 3700 1261 3764 Bol-

143 3786 372 3852 lundiunorunc
391 3788 636 3869 Antuerpiensis
652 3787 703 3868 (P.
722 3809 779 3853 nis.
801 3789 869 3871 20),
893 3788 996 3870 ipsum
1018 3787 1157 3870 quaein
1180 3787 1260 3852 codi-

143 3875 230 3940 cibus
247 3875 508 3956 praecedentibus
524 3876 723 3941 desiderutur
740 3877 846 3942 Vitcu
861 3877 1000 3941 Atboloe
1022 3877 1077 3956 fol.
1090 3874 1259 3940 -67‘—71‘.

143 3963 280 4028 continet
301 3986 340 4029 en
362 3966 448 4044 fonte
471 3964 588 4047 optimo
610 3968 833 4046 depromptam.

93 4089 125 4128 ιο
254 4060 382 4127 Codices
412 4063 629 4143 subsequentes
651 4062 683 4125 A
698 4064 735 4126 lb
765 4062 863 4127 solius
891 4062 1023 4126 ulterius
1049 4061 1125 4127 libri
1148 4066 1260 4143 portes

143 4149 312 4231 continent,
337 4151 485 4234 plerique
512 4150 629 4215 scilicet
651 4157 785 4233 praeter
807 4152 844 4216 V.
868 4149 1016 4216 Eustasii
1039 4148 1108 4231 (II,
1134 4150 1257 4232 7-10)

142 4240 240 4318 tinent
262 4239 338 4303 libri
362 4237 431 4320 (II,
453 4240 614 4322 11-25),
638 4239 686 4304 ito
708 4246 742 4303 ut
765 4261 786 4304 u
809 4237 974 4304 miraculis
990 4237 1259 4303 Eooricceusibus

150 4327 187 4391 V.
216 4327 356 4408 Bertulfi
385 4327 515 4392 rninirue
544 4327 694 4392 distinctu
722 4327 773 4408 sit,
808 4329 864 4392 sed
893 4328 969 4391 boec
1001 4325 1061 4391 illo
1089 4325 1126 4389 iu
1155 4326 1258 4389 eodem

196 4447 268 4488 Ionas.
1063 4429 1080 4481 ὃ
