<?xml version="1.0" encoding="UTF-8"?>
<!DOCTYPE html PUBLIC "-//W3C//DTD XHTML 1.0 Transitional//EN"
    "http://www.w3.org/TR/xhtml1/DTD/xhtml1-transitional.dtd">
<html xmlns="http://www.w3.org/1999/xhtml" xml:lang="en" lang="en">
 <head>
  <title>
</title>
<meta http-equiv="Content-Type" content="text/html;charset=utf-8" />
  <meta name='ocr-system' content='tesseract 3.04.00' />
  <meta name='ocr-capabilities' content='ocr_page ocr_carea ocr_par ocr_line ocrx_word'/>
</head>
<body>
  <div class='ocr_page' id='page_1' title='image "./ionaevitaesanct01jonagoog_0116.png"; bbox 0 0 2978 4928; ppageno 0'>
   <div class='ocr_carea' id='block_1_1' title="bbox 332 373 1296 472">
    <p class='ocr_par' dir='ltr' id='par_1_1' title="bbox 332 373 1296 472">
     <span class='ocr_line' id='line_1_1' title="bbox 332 373 1296 472; baseline 0.006 -18"><span class='ocrx_word' id='word_1_1' title='bbox 332 373 334 379; x_wconf 74' lang='grc'><em>’</em></span> <span class='ocrx_word' id='word_1_2' title='bbox 392 400 517 472; x_wconf 73' lang='lat' dir='ltr'><em>roure,</em></span> <span class='ocrx_word' id='word_1_3' title='bbox 530 400 652 456; x_wconf 74' lang='lat' dir='ltr'><em>vrnnn</em></span> <span class='ocrx_word' id='word_1_4' title='bbox 671 400 898 456; x_wconf 69' lang='lat' dir='ltr'><em>contuntur</em></span> <span class='ocrx_word' id='word_1_5' title='bbox 916 401 1025 457; x_wconf 79' lang='lat' dir='ltr'><em>nrum</em></span> <span class='ocrx_word' id='word_1_6' title='bbox 1042 401 1081 458; x_wconf 80' lang='grc' dir='ltr'><em>Π.</em></span> <span class='ocrx_word' id='word_1_7' title='bbox 1260 407 1296 460; x_wconf 85' lang='lat' dir='ltr'><em>oo</em></span> 
     </span>
    </p>
   </div>
   <div class='ocr_carea' id='block_1_2' title="bbox 123 581 1297 4203">
    <p class='ocr_par' dir='ltr' id='par_1_2' title="bbox 123 581 1297 4203">
     <span class='ocr_line' id='line_1_2' title="bbox 177 581 1297 663; baseline 0.004 -17"><span class='ocrx_word' id='word_1_8' title='bbox 177 581 360 647; x_wconf 85' lang='lat' dir='ltr'><em>enorninuto</em></span> <span class='ocrx_word' id='word_1_9' title='bbox 384 582 494 663; x_wconf 83' lang='lat' dir='ltr'><em>codice,</em></span> <span class='ocrx_word' id='word_1_10' title='bbox 518 582 555 647; x_wconf 91' lang='lat' dir='ltr'><em>id</em></span> <span class='ocrx_word' id='word_1_11' title='bbox 576 604 624 647; x_wconf 88' lang='lat' dir='ltr'><em>rne</em></span> <span class='ocrx_word' id='word_1_12' title='bbox 644 603 708 647; x_wconf 93' lang='lat' dir='ltr'><em>non</em></span> <span class='ocrx_word' id='word_1_13' title='bbox 723 583 875 663; x_wconf 76' lang='lat' dir='ltr'><em>fefellisse</em></span> <span class='ocrx_word' id='word_1_14' title='bbox 890 583 1100 662; x_wconf 76' lang='lat' dir='ltr'><em>confirmavit,</em></span> <span class='ocrx_word' id='word_1_15' title='bbox 1117 584 1297 650; x_wconf 89' lang='lat' dir='ltr'><em>describens</em></span> 
     </span>
     <span class='ocr_line' id='line_1_3' title="bbox 179 670 1294 758; baseline 0.001 -23"><span class='ocrx_word' id='word_1_16' title='bbox 179 672 278 736; x_wconf 89' lang='lat' dir='ltr'><em>locurn</em></span> <span class='ocrx_word' id='word_1_17' title='bbox 289 670 513 752; x_wconf 82' lang='lat' dir='ltr'><em>interpolatum</em></span> <span class='ocrx_word' id='word_1_18' title='bbox 526 693 551 736; x_wconf 86' lang='lat' dir='ltr'><em>c.</em></span> <span class='ocrx_word' id='word_1_19' title='bbox 567 678 595 734; x_wconf 87' lang='lat'><em>1.</em></span> <span class='ocrx_word' id='word_1_20' title='bbox 608 671 674 736; x_wconf 90' lang='lat' dir='ltr'><em>ilo:</em></span> <span class='ocrx_word' id='word_1_21' title='bbox 686 672 736 736; x_wconf 79' lang='lat' dir='ltr'><em>En</em></span> <span class='ocrx_word' id='word_1_22' title='bbox 749 693 839 758; x_wconf 89' lang='lat' dir='ltr'><em>ergo,</em></span> <span class='ocrx_word' id='word_1_23' title='bbox 852 676 965 737; x_wconf 87' lang='lat' dir='ltr'><em>vestro</em></span> <span class='ocrx_word' id='word_1_24' title='bbox 977 673 1142 737; x_wconf 75' lang='lat' dir='ltr'><em>turbante</em></span> <span class='ocrx_word' id='word_1_25' title='bbox 1154 676 1294 738; x_wconf 87' lang='lat' dir='ltr'><em>mundo.</em></span> 
     </span>
     <span class='ocr_line' id='line_1_4' title="bbox 285 759 1296 841; baseline 0.004 -19"><span class='ocrx_word' id='word_1_26' title='bbox 285 759 380 841; x_wconf 77' lang='lat' dir='ltr'><em>A3†)</em></span> <span class='ocrx_word' id='word_1_27' title='bbox 409 759 513 825; x_wconf 75' lang='lat' dir='ltr'><em>Codex</em></span> <span class='ocrx_word' id='word_1_28' title='bbox 535 759 841 825; x_wconf 88' lang='lat' dir='ltr'><em>Londiniensis</em></span> <span class='ocrx_word' id='word_1_29' title='bbox 864 759 975 824; x_wconf 88' lang='lat' dir='ltr'><em>Musei</em></span> <span class='ocrx_word' id='word_1_30' title='bbox 996 759 1189 825; x_wconf 88' lang='lat' dir='ltr'><em>Britannici</em></span> <span class='ocrx_word' id='word_1_31' title='bbox 1211 761 1296 826; x_wconf 90' lang='lat' dir='ltr'><em>inter</em></span> 
     </span>
     <span class='ocr_line' id='line_1_5' title="bbox 178 848 1296 930; baseline 0.002 -18"><span class='ocrx_word' id='word_1_32' title='bbox 178 848 377 913; x_wconf 88' lang='lat' dir='ltr'><em>Horlcianos</em></span> <span class='ocrx_word' id='word_1_33' title='bbox 395 870 427 912; x_wconf 95' lang='lat' dir='ltr'><em>n.</em></span> <span class='ocrx_word' id='word_1_34' title='bbox 445 854 541 928; x_wconf 86' lang='grc'>2802,</span> <span class='ocrx_word' id='word_1_35' title='bbox 565 870 645 913; x_wconf 88' lang='lat' dir='ltr'><em>saec.</em></span> <span class='ocrx_word' id='word_1_36' title='bbox 664 848 775 930; x_wconf 92' lang='grc' dir='ltr'><strong><em>ΧΙΙΙ,</em></strong></span> <span class='ocrx_word' id='word_1_37' title='bbox 799 849 855 927; x_wconf 79' lang='lat' dir='ltr'><em>fol.</em></span> <span class='ocrx_word' id='word_1_38' title='bbox 875 849 1076 930; x_wconf 81' lang='lat'>140-147‘,</span> <span class='ocrx_word' id='word_1_39' title='bbox 1094 849 1296 930; x_wconf 85' lang='lat' dir='ltr'><em>passionalis</em></span> 
     </span>
     <span class='ocr_line' id='line_1_6' title="bbox 140 935 1296 1019; baseline 0.002 -19"><span class='ocrx_word' id='word_1_40' title='bbox 140 960 156 1000; x_wconf 82' lang='lat' dir='ltr'><em>s</em></span> <span class='ocrx_word' id='word_1_41' title='bbox 178 943 358 1002; x_wconf 83' lang='lat' dir='ltr'><em>sanctorum</em></span> <span class='ocrx_word' id='word_1_42' title='bbox 380 936 637 1002; x_wconf 88' lang='lat' dir='ltr'><em>Arinstcinensis</em></span> <span class='ocrx_word' id='word_1_43' title='bbox 666 943 765 1001; x_wconf 84' lang='lat' dir='ltr'><em>tonius</em></span> <span class='ocrx_word' id='word_1_44' title='bbox 788 937 859 1001; x_wconf 90' lang='lat' dir='ltr'><em>III</em></span> <span class='ocrx_word' id='word_1_45' title='bbox 882 935 926 1016; x_wconf 87' lang='lat' dir='ltr'><em>(o.</em></span> <span class='ocrx_word' id='word_1_46' title='bbox 953 958 1053 1019; x_wconf 87' lang='lat' dir='ltr'><em>supra</em></span> <span class='ocrx_word' id='word_1_47' title='bbox 1075 937 1108 1000; x_wconf 98' lang='lat' dir='ltr'><strong><em>A</em></strong></span> <span class='ocrx_word' id='word_1_48' title='bbox 1124 936 1191 1018; x_wconf 80' lang='lat' dir='ltr'><em>lb⁶)</em></span> <span class='ocrx_word' id='word_1_49' title='bbox 1214 937 1296 1003; x_wconf 85' lang='lat' dir='ltr'><em>ideo</em></span> 
     </span>
     <span class='ocr_line' id='line_1_7' title="bbox 178 1023 1296 1106; baseline 0.001 -16"><span class='ocrx_word' id='word_1_50' title='bbox 178 1046 320 1106; x_wconf 78' lang='lat' dir='ltr'><em>quecun</em></span> <span class='ocrx_word' id='word_1_51' title='bbox 340 1023 516 1091; x_wconf 82' lang='lat' dir='ltr'><em>Treuericis</em></span> <span class='ocrx_word' id='word_1_52' title='bbox 536 1025 729 1106; x_wconf 81' lang='lat' dir='ltr'><em>coniunctus,</em></span> <span class='ocrx_word' id='word_1_53' title='bbox 754 1025 848 1090; x_wconf 89' lang='lat' dir='ltr'><em>etiarn</em></span> <span class='ocrx_word' id='word_1_54' title='bbox 871 1026 908 1091; x_wconf 88' lang='lat' dir='ltr'><em>V.</em></span> <span class='ocrx_word' id='word_1_55' title='bbox 929 1025 1020 1091; x_wconf 78' lang='lat' dir='ltr'><em>Galli</em></span> <span class='ocrx_word' id='word_1_56' title='bbox 1042 1026 1187 1103; x_wconf 87' lang='lat' dir='ltr'><em>continet,</em></span> <span class='ocrx_word' id='word_1_57' title='bbox 1211 1028 1296 1091; x_wconf 87' lang='lat' dir='ltr'><em>unde</em></span> 
     </span>
     <span class='ocr_line' id='line_1_8' title="bbox 177 1113 1295 1195; baseline 0.004 -19"><span class='ocrx_word' id='word_1_58' title='bbox 177 1114 281 1195; x_wconf 84' lang='lat' dir='ltr'><em>ipsum</em></span> <span class='ocrx_word' id='word_1_59' title='bbox 310 1114 389 1179; x_wconf 89' lang='lat' dir='ltr'><em>alibi</em></span> <span class='ocrx_word' id='word_1_60' title='bbox 418 1114 485 1179; x_wconf 89' lang='lat' dir='ltr'><em>iarn</em></span> <span class='ocrx_word' id='word_1_61' title='bbox 514 1115 682 1180; x_wconf 86' lang='lat' dir='ltr'><em>attuleram</em></span> <span class='ocrx_word' id='word_1_62' title='bbox 693 1115 713 1176; x_wconf 83' lang='lat'><em>¹.</em></span> <span class='ocrx_word' id='word_1_63' title='bbox 760 1113 1032 1195; x_wconf 83' lang='lat' dir='ltr'><em>Praescrrptiones</em></span> <span class='ocrx_word' id='word_1_64' title='bbox 1056 1115 1194 1195; x_wconf 87' lang='lat' dir='ltr'><em>capitum</em></span> <span class='ocrx_word' id='word_1_65' title='bbox 1217 1115 1295 1180; x_wconf 89' lang='lat' dir='ltr'><em>desi-</em></span> 
     </span>
     <span class='ocr_line' id='line_1_9' title="bbox 178 1201 1295 1284; baseline 0.002 -18"><span class='ocrx_word' id='word_1_66' title='bbox 178 1205 342 1267; x_wconf 90' lang='lat' dir='ltr'><em>derantur.</em></span> <span class='ocrx_word' id='word_1_67' title='bbox 388 1204 421 1267; x_wconf 90' lang='lat' dir='ltr'><strong><em>A</em></strong></span> <span class='ocrx_word' id='word_1_68' title='bbox 444 1202 707 1284; x_wconf 74' lang='lat' dir='ltr'><em>praecedentibus</em></span> <span class='ocrx_word' id='word_1_69' title='bbox 732 1201 829 1267; x_wconf 84' lang='lat' dir='ltr'><em>buius</em></span> <span class='ocrx_word' id='word_1_70' title='bbox 850 1202 998 1282; x_wconf 84' lang='lat' dir='ltr'><em>familiae</em></span> <span class='ocrx_word' id='word_1_71' title='bbox 1021 1203 1114 1268; x_wconf 91' lang='lat' dir='ltr'><em>libris</em></span> <span class='ocrx_word' id='word_1_72' title='bbox 1137 1210 1237 1267; x_wconf 83' lang='lat' dir='ltr'><em>tentus</em></span> <span class='ocrx_word' id='word_1_73' title='bbox 1261 1224 1295 1268; x_wconf 87' lang='lat' dir='ltr'><em>eo</em></span> 
     </span>
     <span class='ocr_line' id='line_1_10' title="bbox 178 1290 1294 1375; baseline 0.002 -21"><span class='ocrx_word' id='word_1_74' title='bbox 178 1290 345 1375; x_wconf 87' lang='lat' dir='ltr'><em>discrepat,</em></span> <span class='ocrx_word' id='word_1_75' title='bbox 376 1294 460 1373; x_wconf 82' lang='lat' dir='ltr'><em>quod</em></span> <span class='ocrx_word' id='word_1_76' title='bbox 487 1314 504 1357; x_wconf 94' lang='lat' dir='ltr'><em>e</em></span> <span class='ocrx_word' id='word_1_77' title='bbox 533 1291 609 1357; x_wconf 89' lang='lat' dir='ltr'><em>locis</em></span> <span class='ocrx_word' id='word_1_78' title='bbox 637 1290 840 1373; x_wconf 74' lang='lat' dir='ltr'><em>transpositis</em></span> <span class='ocrx_word' id='word_1_79' title='bbox 867 1291 956 1372; x_wconf 81' lang='lat' dir='ltr'><em>alter,</em></span> <span class='ocrx_word' id='word_1_80' title='bbox 987 1290 1105 1356; x_wconf 90' lang='lat' dir='ltr'><em>scilicet</em></span> <span class='ocrx_word' id='word_1_81' title='bbox 1133 1291 1294 1373; x_wconf 76' lang='lat' dir='ltr'><em>epistulae,</em></span> 
     </span>
     <span class='ocr_line' id='line_1_11' title="bbox 131 1379 1296 1464; baseline 0.002 -22"><span class='ocrx_word' id='word_1_82' title='bbox 131 1405 160 1442; x_wconf 83' lang='lat'><em>10</em></span> <span class='ocrx_word' id='word_1_83' title='bbox 177 1401 257 1461; x_wconf 77' lang='lat' dir='ltr'><em>quoe</em></span> <span class='ocrx_word' id='word_1_84' title='bbox 279 1379 351 1461; x_wconf 91' lang='lat' dir='ltr'><em>ipsa</em></span> <span class='ocrx_word' id='word_1_85' title='bbox 373 1379 491 1446; x_wconf 89' lang='lat' dir='ltr'><em>onisso</em></span> <span class='ocrx_word' id='word_1_86' title='bbox 514 1388 566 1461; x_wconf 85' lang='lat' dir='ltr'><em>est,</em></span> <span class='ocrx_word' id='word_1_87' title='bbox 591 1382 686 1445; x_wconf 87' lang='lat' dir='ltr'><em>aerbo</em></span> <span class='ocrx_word' id='word_1_88' title='bbox 708 1380 738 1460; x_wconf 86' lang='lat' dir='ltr'><em>I,</em></span> <span class='ocrx_word' id='word_1_89' title='bbox 762 1387 790 1444; x_wconf 87' lang='lat'><em>1.</em></span> <span class='ocrx_word' id='word_1_90' title='bbox 815 1382 1035 1464; x_wconf 82' lang='lat' dir='ltr'><em>aggredimur</em></span> <span class='ocrx_word' id='word_1_91' title='bbox 1058 1385 1173 1445; x_wconf 87' lang='lat' dir='ltr'><em>texere</em></span> <span class='ocrx_word' id='word_1_92' title='bbox 1197 1385 1296 1464; x_wconf 82' lang='lat' dir='ltr'><em>gestu</em></span> 
     </span>
     <span class='ocr_line' id='line_1_12' title="bbox 177 1467 1296 1550; baseline 0 -18"><span class='ocrx_word' id='word_1_93' title='bbox 177 1490 275 1548; x_wconf 79' lang='lat' dir='ltr'><em>neque</em></span> <span class='ocrx_word' id='word_1_94' title='bbox 298 1470 454 1533; x_wconf 82' lang='lat' dir='ltr'><em>turbines</em></span> <span class='ocrx_word' id='word_1_95' title='bbox 484 1468 683 1550; x_wconf 79' lang='lat' dir='ltr'><em>subsequitur</em></span> <span class='ocrx_word' id='word_1_96' title='bbox 705 1474 797 1549; x_wconf 82' lang='lat' dir='ltr'><em>atque</em></span> <span class='ocrx_word' id='word_1_97' title='bbox 820 1489 915 1550; x_wconf 77' lang='lat' dir='ltr'><em>quan</em></span> <span class='ocrx_word' id='word_1_98' title='bbox 943 1467 1081 1533; x_wconf 81' lang='lat' dir='ltr'><em>manime</em></span> <span class='ocrx_word' id='word_1_99' title='bbox 1105 1474 1296 1533; x_wconf 89' lang='lat' dir='ltr'><em>retractatus</em></span> 
     </span>
     <span class='ocr_line' id='line_1_13' title="bbox 177 1558 1294 1640; baseline 0 -20"><span class='ocrx_word' id='word_1_100' title='bbox 177 1563 243 1621; x_wconf 89' lang='lat' dir='ltr'><em>est:</em></span> <span class='ocrx_word' id='word_1_101' title='bbox 277 1558 443 1621; x_wconf 86' lang='lat' dir='ltr'><em>invidiam</em></span> <span class='ocrx_word' id='word_1_102' title='bbox 478 1559 712 1640; x_wconf 82' lang='lat' dir='ltr'><em>arrogantium</em></span> <span class='ocrx_word' id='word_1_103' title='bbox 747 1559 802 1622; x_wconf 86' lang='lat' dir='ltr'><em>vel</em></span> <span class='ocrx_word' id='word_1_104' title='bbox 841 1558 1019 1625; x_wconf 57' lang='lat' dir='ltr'><em>inerciam,</em></span> <span class='ocrx_word' id='word_1_105' title='bbox 1042 1558 1294 1640; x_wconf 84' lang='lat' dir='ltr'><em>negligentium</em></span> 
     </span>
     <span class='ocr_line' id='line_1_14' title="bbox 177 1646 1295 1729; baseline 0.002 -21"><span class='ocrx_word' id='word_1_106' title='bbox 177 1667 247 1709; x_wconf 92' lang='lat' dir='ltr'><em>non</em></span> <span class='ocrx_word' id='word_1_107' title='bbox 281 1646 382 1709; x_wconf 81' lang='lat' dir='ltr'><em>valde</em></span> <span class='ocrx_word' id='word_1_108' title='bbox 417 1650 590 1723; x_wconf 78' lang='lat' dir='ltr'><em>curantes,</em></span> <span class='ocrx_word' id='word_1_109' title='bbox 626 1667 771 1729; x_wconf 90' lang='lat' dir='ltr'><em>quorum</em></span> <span class='ocrx_word' id='word_1_110' title='bbox 809 1646 870 1710; x_wconf 86' lang='lat' dir='ltr'><em>alii</em></span> <span class='ocrx_word' id='word_1_111' title='bbox 903 1647 1000 1710; x_wconf 80' lang='lat' dir='ltr'><em>facta</em></span> <span class='ocrx_word' id='word_1_112' title='bbox 1037 1646 1151 1710; x_wconf 78' lang='lat' dir='ltr'><em>aliena</em></span> <span class='ocrx_word' id='word_1_113' title='bbox 1186 1647 1295 1729; x_wconf 86' lang='lat' dir='ltr'><em>magis</em></span> 
     </span>
     <span class='ocr_line' id='line_1_15' title="bbox 178 1735 1296 1817; baseline 0.002 -22"><span class='ocrx_word' id='word_1_114' title='bbox 178 1738 349 1816; x_wconf 87' lang='lat' dir='ltr'><em>quaerunt</em></span> <span class='ocrx_word' id='word_1_115' title='bbox 386 1735 636 1817; x_wconf 87' lang='lat' dir='ltr'><em>reprehendere</em></span> <span class='ocrx_word' id='word_1_116' title='bbox 670 1769 715 1776; x_wconf 93' lang='lat'>—</span> <span class='ocrx_word' id='word_1_117' title='bbox 748 1735 855 1798; x_wconf 85' lang='lat' dir='ltr'><em>vitam</em></span> <span class='ocrx_word' id='word_1_118' title='bbox 890 1735 1063 1811; x_wconf 79' lang='lat' dir='ltr'><em>edisserit,</em></span> <span class='ocrx_word' id='word_1_119' title='bbox 1096 1740 1171 1816; x_wconf 90' lang='lat' dir='ltr'><em>post</em></span> <span class='ocrx_word' id='word_1_120' title='bbox 1205 1754 1296 1814; x_wconf 81' lang='lat' dir='ltr'><em>quern</em></span> 
     </span>
     <span class='ocr_line' id='line_1_16' title="bbox 132 1820 1295 1900; baseline 0.002 -15"><span class='ocrx_word' id='word_1_121' title='bbox 132 1847 159 1885; x_wconf 78' lang='lat'><em>15</em></span> <span class='ocrx_word' id='word_1_122' title='bbox 178 1820 333 1886; x_wconf 90' lang='lat' dir='ltr'><em>librarius</em></span> <span class='ocrx_word' id='word_1_123' title='bbox 362 1822 476 1885; x_wconf 84' lang='lat' dir='ltr'><em>rerba:</em></span> <span class='ocrx_word' id='word_1_124' title='bbox 510 1821 578 1900; x_wconf 82' lang='lat' dir='ltr'><em>Qui</em></span> <span class='ocrx_word' id='word_1_125' title='bbox 609 1824 674 1885; x_wconf 87' lang='lat' dir='ltr'><em>etsi</em></span> <span class='ocrx_word' id='word_1_126' title='bbox 701 1842 764 1885; x_wconf 88' lang='lat' dir='ltr'><em>nec</em></span> <span class='ocrx_word' id='word_1_127' title='bbox 799 1823 1001 1886; x_wconf 86' lang='lat' dir='ltr'><em>meritorum</em></span> <span class='ocrx_word' id='word_1_128' title='bbox 1035 1857 1079 1866; x_wconf 84' lang='lat'><em>—-</em></span> <span class='ocrx_word' id='word_1_129' title='bbox 1112 1824 1210 1887; x_wconf 85' lang='lat' dir='ltr'><em>fonte</em></span> <span class='ocrx_word' id='word_1_130' title='bbox 1245 1843 1295 1887; x_wconf 86' lang='lat' dir='ltr'><em>re·</em></span> 
     </span>
     <span class='ocr_line' id='line_1_17' title="bbox 178 1908 1295 1992; baseline 0.001 -19"><span class='ocrx_word' id='word_1_131' title='bbox 178 1911 265 1992; x_wconf 89' lang='lat' dir='ltr'><em>pleti</em></span> <span class='ocrx_word' id='word_1_132' title='bbox 294 1911 400 1974; x_wconf 82' lang='lat' dir='ltr'><em>simus</em></span> <span class='ocrx_word' id='word_1_133' title='bbox 431 1915 504 1973; x_wconf 88' lang='lat' dir='ltr'><em>onte</em></span> <span class='ocrx_word' id='word_1_134' title='bbox 533 1910 609 1972; x_wconf 80' lang='lat' dir='ltr'><em>Erit</em></span> <span class='ocrx_word' id='word_1_135' title='bbox 640 1913 756 1973; x_wconf 81' lang='lat' dir='ltr'><em>tamen</em></span> <span class='ocrx_word' id='word_1_136' title='bbox 786 1908 922 1987; x_wconf 79' lang='lat' dir='ltr'><em>iteravit,</em></span> <span class='ocrx_word' id='word_1_137' title='bbox 954 1910 1028 1973; x_wconf 83' lang='lat' dir='ltr'><em>duur</em></span> <span class='ocrx_word' id='word_1_138' title='bbox 1058 1911 1138 1974; x_wconf 88' lang='lat' dir='ltr'><em>alter</em></span> <span class='ocrx_word' id='word_1_139' title='bbox 1163 1912 1295 1974; x_wconf 69' lang='lat' dir='ltr'><em>eunden</em></span> 
     </span>
     <span class='ocr_line' id='line_1_18' title="bbox 178 1996 1295 2078; baseline -0.001 -16"><span class='ocrx_word' id='word_1_140' title='bbox 178 1999 278 2062; x_wconf 88' lang='lat' dir='ltr'><em>locurn</em></span> <span class='ocrx_word' id='word_1_141' title='bbox 307 2003 399 2078; x_wconf 77' lang='lat' dir='ltr'><em>atque</em></span> <span class='ocrx_word' id='word_1_142' title='bbox 432 1996 469 2061; x_wconf 90' lang='lat' dir='ltr'><em>in</em></span> <span class='ocrx_word' id='word_1_143' title='bbox 502 1996 636 2077; x_wconf 79' lang='lat' dir='ltr'><em>reliquis</em></span> <span class='ocrx_word' id='word_1_144' title='bbox 665 1996 806 2076; x_wconf 85' lang='lat' dir='ltr'><em>copnatis</em></span> <span class='ocrx_word' id='word_1_145' title='bbox 836 2003 972 2077; x_wconf 88' lang='lat' dir='ltr'><em>occupat.</em></span> <span class='ocrx_word' id='word_1_146' title='bbox 1020 1997 1185 2061; x_wconf 87' lang='lat' dir='ltr'><em>Lectiones</em></span> <span class='ocrx_word' id='word_1_147' title='bbox 1219 2019 1295 2061; x_wconf 91' lang='lat' dir='ltr'><em>non-</em></span> 
     </span>
     <span class='ocr_line' id='line_1_19' title="bbox 177 2083 1297 2166; baseline -0.001 -16"><span class='ocrx_word' id='word_1_148' title='bbox 177 2087 285 2150; x_wconf 90' lang='lat' dir='ltr'><em>nullos</em></span> <span class='ocrx_word' id='word_1_149' title='bbox 314 2107 383 2150; x_wconf 80' lang='lat' dir='ltr'><em>crim</em></span> <span class='ocrx_word' id='word_1_150' title='bbox 405 2085 474 2149; x_wconf 87' lang='lat' dir='ltr'><em>A3</em></span> <span class='ocrx_word' id='word_1_151' title='bbox 502 2084 726 2150; x_wconf 87' lang='lat' dir='ltr'><em>consentientes</em></span> <span class='ocrx_word' id='word_1_152' title='bbox 755 2083 952 2166; x_wconf 81' lang='lat' dir='ltr'><em>discrepante</em></span> <span class='ocrx_word' id='word_1_153' title='bbox 982 2085 1062 2148; x_wconf 93' lang='lat' dir='ltr'><em>libro</em></span> <span class='ocrx_word' id='word_1_154' title='bbox 1085 2087 1117 2148; x_wconf 88' lang='lat' dir='ltr'><strong><em>A</em></strong></span> <span class='ocrx_word' id='word_1_155' title='bbox 1134 2085 1166 2148; x_wconf 77' lang='lat'><em>3*</em></span> <span class='ocrx_word' id='word_1_156' title='bbox 1190 2084 1297 2149; x_wconf 80' lang='lat' dir='ltr'><em>odulit</em></span> 
     </span>
     <span class='ocr_line' id='line_1_20' title="bbox 177 2175 485 2256; baseline 0 -18"><span class='ocrx_word' id='word_1_157' title='bbox 177 2175 309 2238; x_wconf 86' lang='lat' dir='ltr'><em>Loulor</em></span> <span class='ocrx_word' id='word_1_158' title='bbox 325 2196 359 2256; x_wconf 91' lang='lat' dir='ltr'><em>p.</em></span> <span class='ocrx_word' id='word_1_159' title='bbox 381 2180 423 2238; x_wconf 87' lang='lat'><em>85</em></span> <span class='ocrx_word' id='word_1_160' title='bbox 439 2194 485 2256; x_wconf 77' lang='lat' dir='ltr'><em>sq.</em></span> 
     </span>
     <span class='ocr_line' id='line_1_21' title="bbox 130 2261 1295 2347; baseline -0.003 -18"><span class='ocrx_word' id='word_1_161' title='bbox 130 2289 159 2329; x_wconf 76' lang='lat' dir='ltr'><em>ro</em></span> <span class='ocrx_word' id='word_1_162' title='bbox 285 2262 472 2346; x_wconf 81' lang='lat' dir='ltr'><em>Scripturas</em></span> <span class='ocrx_word' id='word_1_163' title='bbox 501 2261 658 2347; x_wconf 88' lang='lat' dir='ltr'><em>specirnen</em></span> <span class='ocrx_word' id='word_1_164' title='bbox 687 2261 774 2327; x_wconf 83' lang='lat' dir='ltr'><em>dedit</em></span> <span class='ocrx_word' id='word_1_165' title='bbox 798 2261 881 2326; x_wconf 90' lang='lat' dir='ltr'><em>idern</em></span> <span class='ocrx_word' id='word_1_166' title='bbox 911 2264 973 2327; x_wconf 87' lang='lat' dir='ltr'><em>tab.</em></span> <span class='ocrx_word' id='word_1_167' title='bbox 1000 2261 1102 2326; x_wconf 83' lang='lat' dir='ltr'><strong><em>XIV.</em></strong></span> <span class='ocrx_word' id='word_1_168' title='bbox 1149 2262 1204 2325; x_wconf 83' lang='lat' dir='ltr'><em>Ea</em></span> <span class='ocrx_word' id='word_1_169' title='bbox 1226 2262 1295 2343; x_wconf 87' lang='lat' dir='ltr'><em>ipso</em></span> 
     </span>
     <span class='ocr_line' id='line_1_22' title="bbox 177 2349 1295 2434; baseline 0 -19"><span class='ocrx_word' id='word_1_170' title='bbox 177 2351 377 2434; x_wconf 81' lang='lat' dir='ltr'><em>intellepitnr,</em></span> <span class='ocrx_word' id='word_1_171' title='bbox 402 2351 517 2416; x_wconf 89' lang='lat' dir='ltr'><em>librurn</em></span> <span class='ocrx_word' id='word_1_172' title='bbox 539 2372 620 2416; x_wconf 91' lang='lat' dir='ltr'><em>soec.</em></span> <span class='ocrx_word' id='word_1_173' title='bbox 639 2350 752 2415; x_wconf 90' lang='lat' dir='ltr'><strong><em>XIII.</em></strong></span> <span class='ocrx_word' id='word_1_174' title='bbox 775 2349 813 2416; x_wconf 90' lang='lat' dir='ltr'><em>in</em></span> <span class='ocrx_word' id='word_1_175' title='bbox 836 2352 976 2432; x_wconf 82' lang='lat' dir='ltr'><em>cotolopo</em></span> <span class='ocrx_word' id='word_1_176' title='bbox 996 2350 1197 2415; x_wconf 77' lang='lat' dir='ltr'><em>bibliothecae</em></span> <span class='ocrx_word' id='word_1_177' title='bbox 1214 2357 1295 2416; x_wconf 89' lang='lat' dir='ltr'><em>recte</em></span> 
     </span>
     <span class='ocr_line' id='line_1_23' title="bbox 177 2439 1294 2522; baseline -0.002 -18"><span class='ocrx_word' id='word_1_178' title='bbox 177 2440 360 2504; x_wconf 88' lang='lat' dir='ltr'><em>attributum</em></span> <span class='ocrx_word' id='word_1_179' title='bbox 375 2461 448 2520; x_wconf 83' lang='lat' dir='ltr'><em>esse,</em></span> <span class='ocrx_word' id='word_1_180' title='bbox 469 2461 558 2521; x_wconf 77' lang='lat' dir='ltr'><em>quern</em></span> <span class='ocrx_word' id='word_1_181' title='bbox 574 2440 706 2504; x_wconf 86' lang='lat' dir='ltr'><em>Loulor</em></span> <span class='ocrx_word' id='word_1_182' title='bbox 719 2439 757 2503; x_wconf 91' lang='lat' dir='ltr'><em>in</em></span> <span class='ocrx_word' id='word_1_183' title='bbox 769 2441 963 2522; x_wconf 86' lang='lat' dir='ltr'><em>praecedens</em></span> <span class='ocrx_word' id='word_1_184' title='bbox 974 2460 1154 2520; x_wconf 85' lang='lat' dir='ltr'><em>promovere</em></span> <span class='ocrx_word' id='word_1_185' title='bbox 1170 2439 1294 2504; x_wconf 80' lang='lat' dir='ltr'><em>inoluit.</em></span> 
     </span>
     <span class='ocr_line' id='line_1_24' title="bbox 282 2526 1295 2611; baseline 0 -19"><span class='ocrx_word' id='word_1_186' title='bbox 282 2530 314 2592; x_wconf 95' lang='lat' dir='ltr'><strong><em>A</em></strong></span> <span class='ocrx_word' id='word_1_187' title='bbox 328 2526 392 2611; x_wconf 75' lang='lat'><em>3††)</em></span> <span class='ocrx_word' id='word_1_188' title='bbox 423 2528 525 2594; x_wconf 83' lang='lat' dir='ltr'><em>Oodeu</em></span> <span class='ocrx_word' id='word_1_189' title='bbox 549 2528 889 2607; x_wconf 76' lang='lat' dir='ltr'><em>Confluentinus²</em></span> <span class='ocrx_word' id='word_1_190' title='bbox 912 2527 1111 2593; x_wconf 77' lang='lat' dir='ltr'><em>bibliothecae</em></span> <span class='ocrx_word' id='word_1_191' title='bbox 1131 2527 1295 2611; x_wconf 83' lang='lat' dir='ltr'><em>ppnrnosii</em></span> 
     </span>
     <span class='ocr_line' id='line_1_25' title="bbox 176 2615 1294 2699; baseline -0.001 -17"><span class='ocrx_word' id='word_1_192' title='bbox 176 2639 208 2682; x_wconf 92' lang='lat' dir='ltr'><em>n.</em></span> <span class='ocrx_word' id='word_1_193' title='bbox 226 2623 255 2699; x_wconf 83' lang='lat'><em>5,</em></span> <span class='ocrx_word' id='word_1_194' title='bbox 279 2639 360 2683; x_wconf 89' lang='lat' dir='ltr'><em>saec.</em></span> <span class='ocrx_word' id='word_1_195' title='bbox 380 2618 481 2699; x_wconf 81' lang='lat' dir='ltr'><strong><em>XIV,</em></strong></span> <span class='ocrx_word' id='word_1_196' title='bbox 506 2617 643 2699; x_wconf 86' lang='lat' dir='ltr'><em>scriptus</em></span> <span class='ocrx_word' id='word_1_197' title='bbox 661 2640 683 2681; x_wconf 88' lang='lat' dir='ltr'><em>a</em></span> <span class='ocrx_word' id='word_1_198' title='bbox 705 2615 894 2697; x_wconf 80' lang='lat' dir='ltr'><em>‘Godefrido</em></span> <span class='ocrx_word' id='word_1_199' title='bbox 910 2619 948 2682; x_wconf 88' lang='lat' dir='ltr'><em>de</em></span> <span class='ocrx_word' id='word_1_200' title='bbox 963 2618 1186 2698; x_wconf 84' lang='lat' dir='ltr'><em>Andernocbo,</em></span> <span class='ocrx_word' id='word_1_201' title='bbox 1205 2637 1294 2697; x_wconf 92' lang='lat' dir='ltr'><em>pres·</em></span> 
     </span>
     <span class='ocr_line' id='line_1_26' title="bbox 128 2705 1293 2790; baseline -0.005 -15"><span class='ocrx_word' id='word_1_202' title='bbox 128 2734 157 2775; x_wconf 75' lang='lat' dir='ltr'><em>ss</em></span> <span class='ocrx_word' id='word_1_203' title='bbox 176 2709 289 2788; x_wconf 86' lang='lat' dir='ltr'><em>bplero,</em></span> <span class='ocrx_word' id='word_1_204' title='bbox 321 2707 484 2790; x_wconf 87' lang='lat' dir='ltr'><em>capellano</em></span> <span class='ocrx_word' id='word_1_205' title='bbox 511 2705 628 2770; x_wconf 90' lang='lat' dir='ltr'><em>ultoris</em></span> <span class='ocrx_word' id='word_1_206' title='bbox 654 2706 758 2771; x_wconf 89' lang='lat' dir='ltr'><em>sancti</em></span> <span class='ocrx_word' id='word_1_207' title='bbox 780 2705 943 2771; x_wconf 84' lang='lat' dir='ltr'><em>Mauricii</em></span> <span class='ocrx_word' id='word_1_208' title='bbox 964 2705 1001 2770; x_wconf 91' lang='lat' dir='ltr'><em>in</em></span> <span class='ocrx_word' id='word_1_209' title='bbox 1024 2705 1153 2770; x_wconf 90' lang='lat' dir='ltr'><em>ecclesio</em></span> <span class='ocrx_word' id='word_1_210' title='bbox 1176 2706 1293 2770; x_wconf 84' lang='lat' dir='ltr'><em>Mona.-</em></span> 
     </span>
     <span class='ocr_line' id='line_1_27' title="bbox 175 2793 1294 2877; baseline 0.001 -18"><span class='ocrx_word' id='word_1_211' title='bbox 175 2795 321 2860; x_wconf 88' lang='lat' dir='ltr'><em>steriensi</em></span> <span class='ocrx_word' id='word_1_212' title='bbox 350 2796 387 2859; x_wconf 88' lang='lat' dir='ltr'><em>in</em></span> <span class='ocrx_word' id='word_1_213' title='bbox 410 2794 641 2877; x_wconf 81' lang='lat' dir='ltr'><em>Mepneneltb&#39;‚</em></span> <span class='ocrx_word' id='word_1_214' title='bbox 671 2794 790 2860; x_wconf 89' lang='lat' dir='ltr'><em>scilicet</em></span> <span class='ocrx_word' id='word_1_215' title='bbox 816 2795 1000 2859; x_wconf 79' lang='lat' dir='ltr'><em>Treuericoe</em></span> <span class='ocrx_word' id='word_1_216' title='bbox 1031 2793 1201 2858; x_wconf 89' lang='lat' dir='ltr'><em>dioeceseos</em></span> <span class='ocrx_word' id='word_1_217' title='bbox 1232 2793 1294 2861; x_wconf 86' lang='lat' dir='ltr'><em>looi</em></span> 
     </span>
     <span class='ocr_line' id='line_1_28' title="bbox 175 2880 1293 2964; baseline -0.002 -18"><span class='ocrx_word' id='word_1_218' title='bbox 175 2883 230 2964; x_wconf 81' lang='lat' dir='ltr'><em>qui</em></span> <span class='ocrx_word' id='word_1_219' title='bbox 252 2883 343 2948; x_wconf 88' lang='lat' dir='ltr'><em>bodie</em></span> <span class='ocrx_word' id='word_1_220' title='bbox 365 2890 495 2948; x_wconf 89' lang='lat' dir='ltr'><em>uocatur</em></span> <span class='ocrx_word' id='word_1_221' title='bbox 518 2882 806 2962; x_wconf 83' lang='lat' dir='ltr'><em>Mrlnstcrrnaifeld</em></span> <span class='ocrx_word' id='word_1_222' title='bbox 825 2904 926 2964; x_wconf 85' lang='lat' dir='ltr'><em>prope</em></span> <span class='ocrx_word' id='word_1_223' title='bbox 949 2883 1073 2964; x_wconf 81' lang='lat' dir='ltr'><em>Mapen</em></span> <span class='ocrx_word' id='word_1_224' title='bbox 1094 2881 1151 2958; x_wconf 89' lang='lat' dir='ltr'><em>siti</em></span> <span class='ocrx_word' id='word_1_225' title='bbox 1174 2880 1293 2963; x_wconf 63' lang='lat' dir='ltr'><em>(nep.-</em></span> 
     </span>
     <span class='ocr_line' id='line_1_29' title="bbox 175 2970 1293 3053; baseline -0.001 -19"><span class='ocrx_word' id='word_1_226' title='bbox 175 2971 252 3035; x_wconf 79' lang='lat' dir='ltr'><em>Bee.</em></span> <span class='ocrx_word' id='word_1_227' title='bbox 274 2970 443 3053; x_wconf 74' lang='lat' dir='ltr'><em>Ooblenr’),</em></span> <span class='ocrx_word' id='word_1_228' title='bbox 467 2972 523 3051; x_wconf 88' lang='lat' dir='ltr'><em>fol.</em></span> <span class='ocrx_word' id='word_1_229' title='bbox 541 2972 756 3051; x_wconf 80' lang='lat'>271¹-285‘‚</span> <span class='ocrx_word' id='word_1_230' title='bbox 776 2971 883 3035; x_wconf 89' lang='lat' dir='ltr'><em>eadern</em></span> <span class='ocrx_word' id='word_1_231' title='bbox 899 2977 990 3051; x_wconf 76' lang='lat' dir='ltr'><em>alque</em></span> <span class='ocrx_word' id='word_1_232' title='bbox 1006 2970 1086 3033; x_wconf 90' lang='lat' dir='ltr'><em>liber</em></span> <span class='ocrx_word' id='word_1_233' title='bbox 1097 2970 1293 3050; x_wconf 89' lang='lat' dir='ltr'><em>praecedens</em></span> 
     </span>
     <span class='ocr_line' id='line_1_30' title="bbox 176 3054 1290 3141; baseline -0.004 -17"><span class='ocrx_word' id='word_1_234' title='bbox 176 3059 312 3125; x_wconf 89' lang='lat' dir='ltr'><em>continet</em></span> <span class='ocrx_word' id='word_1_235' title='bbox 333 3062 437 3125; x_wconf 88' lang='lat' dir='ltr'><em>eodern</em></span> <span class='ocrx_word' id='word_1_236' title='bbox 459 3062 550 3125; x_wconf 87' lang='lat' dir='ltr'><em>modo</em></span> <span class='ocrx_word' id='word_1_237' title='bbox 572 3061 763 3141; x_wconf 89' lang='lat' dir='ltr'><em>perturbata</em></span> <span class='ocrx_word' id='word_1_238' title='bbox 786 3064 877 3141; x_wconf 80' lang='lat' dir='ltr'><em>atque</em></span> <span class='ocrx_word' id='word_1_239' title='bbox 907 3063 1080 3122; x_wconf 88' lang='lat' dir='ltr'><em>retractato</em></span> <span class='ocrx_word' id='word_1_240' title='bbox 1105 3054 1162 3137; x_wconf 88' lang='lat' dir='ltr'><em>(cf.</em></span> <span class='ocrx_word' id='word_1_241' title='bbox 1188 3058 1217 3137; x_wconf 88' lang='lat' dir='ltr'><em>I,</em></span> <span class='ocrx_word' id='word_1_242' title='bbox 1246 3058 1290 3140; x_wconf 88' lang='lat'><em>1),</em></span> 
     </span>
     <span class='ocr_line' id='line_1_31' title="bbox 127 3146 1227 3230; baseline -0.008 -12"><span class='ocrx_word' id='word_1_243' title='bbox 127 3179 157 3218; x_wconf 78' lang='lat' dir='ltr'><em>so</em></span> <span class='ocrx_word' id='word_1_244' title='bbox 175 3168 273 3230; x_wconf 78' lang='lat' dir='ltr'><em>quare</em></span> <span class='ocrx_word' id='word_1_245' title='bbox 296 3170 334 3213; x_wconf 90' lang='lat' dir='ltr'><em>eu</em></span> <span class='ocrx_word' id='word_1_246' title='bbox 356 3169 436 3229; x_wconf 81' lang='lat' dir='ltr'><em>quae</em></span> <span class='ocrx_word' id='word_1_247' title='bbox 459 3150 497 3213; x_wconf 88' lang='lat' dir='ltr'><em>de</em></span> <span class='ocrx_word' id='word_1_248' title='bbox 518 3148 574 3212; x_wconf 89' lang='lat' dir='ltr'><em>illo</em></span> <span class='ocrx_word' id='word_1_249' title='bbox 598 3147 766 3212; x_wconf 88' lang='lat' dir='ltr'><em>attulerarn</em></span> <span class='ocrx_word' id='word_1_250' title='bbox 788 3146 885 3211; x_wconf 88' lang='lat' dir='ltr'><em>etiarn</em></span> <span class='ocrx_word' id='word_1_251' title='bbox 908 3148 953 3211; x_wconf 91' lang='lat' dir='ltr'><em>od</em></span> <span class='ocrx_word' id='word_1_252' title='bbox 973 3147 1057 3209; x_wconf 88' lang='lat' dir='ltr'><em>bunc</em></span> <span class='ocrx_word' id='word_1_253' title='bbox 1079 3151 1227 3226; x_wconf 88' lang='lat' dir='ltr'><em>spectont.</em></span> 
     </span>
     <span class='ocr_line' id='line_1_32' title="bbox 282 3232 1292 3317; baseline -0.002 -17"><span class='ocrx_word' id='word_1_254' title='bbox 282 3234 401 3317; x_wconf 80' lang='lat' dir='ltr'><em>A3n1)</em></span> <span class='ocrx_word' id='word_1_255' title='bbox 430 3235 533 3301; x_wconf 82' lang='lat' dir='ltr'><em>Oodeu</em></span> <span class='ocrx_word' id='word_1_256' title='bbox 556 3234 823 3301; x_wconf 89' lang='lat' dir='ltr'><em>Parisiensis</em></span> <span class='ocrx_word' id='word_1_257' title='bbox 846 3257 878 3299; x_wconf 93' lang='lat' dir='ltr'><em>n.</em></span> <span class='ocrx_word' id='word_1_258' title='bbox 900 3240 995 3315; x_wconf 83' lang='grc'>5293,</span> <span class='ocrx_word' id='word_1_259' title='bbox 1020 3233 1094 3297; x_wconf 83' lang='lat' dir='ltr'><em>olion</em></span> <span class='ocrx_word' id='word_1_260' title='bbox 1118 3232 1292 3298; x_wconf 88' lang='lat' dir='ltr'><em>Peirescia·</em></span> 
     </span>
     <span class='ocr_line' id='line_1_33' title="bbox 175 3322 1290 3406; baseline -0.003 -17"><span class='ocrx_word' id='word_1_261' title='bbox 175 3347 245 3406; x_wconf 83' lang='lat' dir='ltr'><em>nus,</em></span> <span class='ocrx_word' id='word_1_262' title='bbox 265 3325 377 3390; x_wconf 88' lang='lat' dir='ltr'><em>deinde</em></span> <span class='ocrx_word' id='word_1_263' title='bbox 392 3324 637 3406; x_wconf 82' lang='lat' dir='ltr'><em>Macarinaeus,</em></span> <span class='ocrx_word' id='word_1_264' title='bbox 651 3330 762 3404; x_wconf 87' lang='lat' dir='ltr'><em>posteo</em></span> <span class='ocrx_word' id='word_1_265' title='bbox 777 3323 899 3405; x_wconf 82' lang='lat' dir='ltr'><em>Repius</em></span> <span class='ocrx_word' id='word_1_266' title='bbox 918 3322 952 3389; x_wconf 84' lang='lat' dir='ltr'><em>C.</em></span> <span class='ocrx_word' id='word_1_267' title='bbox 967 3328 1062 3403; x_wconf 80' lang='lat'><strong>3654,</strong></span> <span class='ocrx_word' id='word_1_268' title='bbox 1082 3344 1162 3386; x_wconf 89' lang='lat' dir='ltr'><em>saec.</em></span> <span class='ocrx_word' id='word_1_269' title='bbox 1178 3322 1290 3403; x_wconf 83' lang='lat' dir='ltr'><strong><em>XIII,</em></strong></span> 
     </span>
     <span class='ocr_line' id='line_1_34' title="bbox 174 3407 1290 3494; baseline -0.001 -18"><span class='ocrx_word' id='word_1_270' title='bbox 174 3414 230 3493; x_wconf 79' lang='lat' dir='ltr'><em>fol.</em></span> <span class='ocrx_word' id='word_1_271' title='bbox 258 3416 457 3494; x_wconf 64' lang='lat' dir='ltr'><em>les-171,</em></span> <span class='ocrx_word' id='word_1_272' title='bbox 492 3413 529 3478; x_wconf 88' lang='lat' dir='ltr'><em>V.</em></span> <span class='ocrx_word' id='word_1_273' title='bbox 559 3412 745 3478; x_wconf 78' lang='lat' dir='ltr'><em>Columbani</em></span> <span class='ocrx_word' id='word_1_274' title='bbox 774 3434 841 3476; x_wconf 91' lang='lat' dir='ltr'><em>unu</em></span> <span class='ocrx_word' id='word_1_275' title='bbox 872 3433 941 3476; x_wconf 79' lang='lat' dir='ltr'><em>cuns</em></span> <span class='ocrx_word' id='word_1_276' title='bbox 969 3411 1103 3493; x_wconf 89' lang='lat' dir='ltr'><em>epistula</em></span> <span class='ocrx_word' id='word_1_277' title='bbox 1136 3407 1290 3492; x_wconf 87' lang='lat' dir='ltr'><em>(praescr.</em></span> 
     </span>
     <span class='ocr_line' id='line_1_35' title="bbox 176 3500 1291 3587; baseline -0.003 -22"><span class='ocrx_word' id='word_1_278' title='bbox 176 3504 305 3586; x_wconf 85' lang='lat' dir='ltr'><em>Incipit</em></span> <span class='ocrx_word' id='word_1_279' title='bbox 329 3503 491 3587; x_wconf 85' lang='lat' dir='ltr'><em>prologus</em></span> <span class='ocrx_word' id='word_1_280' title='bbox 514 3503 600 3567; x_wconf 92' lang='lat' dir='ltr'><em>Ione</em></span> <span class='ocrx_word' id='word_1_281' title='bbox 623 3503 660 3566; x_wconf 88' lang='lat' dir='ltr'><em>in</em></span> <span class='ocrx_word' id='word_1_282' title='bbox 683 3503 755 3567; x_wconf 82' lang='lat' dir='ltr'><em>vite</em></span> <span class='ocrx_word' id='word_1_283' title='bbox 780 3502 891 3566; x_wconf 86' lang='lat' dir='ltr'><em>saneti</em></span> <span class='ocrx_word' id='word_1_284' title='bbox 915 3500 1121 3566; x_wconf 80' lang='lat' dir='ltr'><em>Columbuni</em></span> <span class='ocrx_word' id='word_1_285' title='bbox 1144 3501 1291 3565; x_wconf 82' lang='lat' dir='ltr'><em>abbatis.</em></span> 
     </span>
     <span class='ocr_line' id='line_1_36' title="bbox 125 3586 1292 3674; baseline -0.003 -19"><span class='ocrx_word' id='word_1_286' title='bbox 125 3622 157 3663; x_wconf 64' lang='lat'><em>³5</em></span> <span class='ocrx_word' id='word_1_287' title='bbox 175 3586 361 3674; x_wconf 82' lang='lat' dir='ltr'><strong><em>XXXVII)</em></strong></span> <span class='ocrx_word' id='word_1_288' title='bbox 390 3596 419 3654; x_wconf 88' lang='lat' dir='ltr'><em>et</em></span> <span class='ocrx_word' id='word_1_289' title='bbox 441 3589 646 3671; x_wconf 65' lang='lat' dir='ltr'><em>praefatione</em></span> <span class='ocrx_word' id='word_1_290' title='bbox 676 3586 718 3667; x_wconf 92' lang='lat' dir='ltr'><em>(c.</em></span> <span class='ocrx_word' id='word_1_291' title='bbox 741 3599 768 3653; x_wconf 96' lang='lat' dir='ltr'><em>l.</em></span> <span class='ocrx_word' id='word_1_292' title='bbox 792 3610 937 3673; x_wconf 87' lang='lat' dir='ltr'><em>praescr.</em></span> <span class='ocrx_word' id='word_1_293' title='bbox 969 3591 1099 3674; x_wconf 87' lang='lat' dir='ltr'><em>Incipit</em></span> <span class='ocrx_word' id='word_1_294' title='bbox 1121 3591 1292 3654; x_wconf 83' lang='lat' dir='ltr'><em>secundus</em></span> 
     </span>
     <span class='ocr_line' id='line_1_37' title="bbox 175 3679 1292 3764; baseline -0.003 -21"><span class='ocrx_word' id='word_1_295' title='bbox 175 3680 345 3764; x_wconf 77' lang='lat' dir='ltr'><em>prologus,</em></span> <span class='ocrx_word' id='word_1_296' title='bbox 370 3680 487 3742; x_wconf 89' lang='lat' dir='ltr'><em>subscr.</em></span> <span class='ocrx_word' id='word_1_297' title='bbox 513 3679 665 3763; x_wconf 80' lang='lat' dir='ltr'><em>Explicit</em></span> <span class='ocrx_word' id='word_1_298' title='bbox 686 3680 865 3764; x_wconf 86' lang='lat' dir='ltr'><em>prologus;</em></span> <span class='ocrx_word' id='word_1_299' title='bbox 885 3689 920 3744; x_wconf 90' lang='lat' dir='ltr'><em>c.</em></span> <span class='ocrx_word' id='word_1_300' title='bbox 944 3686 973 3742; x_wconf 84' lang='lat'><em>2.</em></span> <span class='ocrx_word' id='word_1_301' title='bbox 992 3698 1136 3759; x_wconf 89' lang='lat' dir='ltr'><em>praescr.</em></span> <span class='ocrx_word' id='word_1_302' title='bbox 1160 3679 1292 3761; x_wconf 90' lang='lat' dir='ltr'><em>Incipit</em></span> 
     </span>
     <span class='ocr_line' id='line_1_38' title="bbox 174 3766 1292 3848; baseline -0.003 -16"><span class='ocrx_word' id='word_1_303' title='bbox 174 3766 262 3848; x_wconf 85' lang='lat' dir='ltr'><em>vita)</em></span> <span class='ocrx_word' id='word_1_304' title='bbox 286 3766 431 3847; x_wconf 82' lang='lat' dir='ltr'><em>continet,</em></span> <span class='ocrx_word' id='word_1_305' title='bbox 463 3768 663 3847; x_wconf 79' lang='lat' dir='ltr'><em>subsequente</em></span> <span class='ocrx_word' id='word_1_306' title='bbox 685 3766 841 3831; x_wconf 90' lang='lat' dir='ltr'><em>Passione</em></span> <span class='ocrx_word' id='word_1_307' title='bbox 869 3766 1036 3832; x_wconf 85' lang='lat' dir='ltr'><em>Caeciliae.</em></span> <span class='ocrx_word' id='word_1_308' title='bbox 1082 3767 1199 3830; x_wconf 86' lang='lat' dir='ltr'><em>Versus</em></span> <span class='ocrx_word' id='word_1_309' title='bbox 1223 3767 1292 3830; x_wconf 89' lang='lat' dir='ltr'><em>bar-</em></span> 
     </span>
     <span class='ocr_line' id='line_1_39' title="bbox 175 3853 1292 3940; baseline -0.004 -19"><span class='ocrx_word' id='word_1_310' title='bbox 175 3856 247 3921; x_wconf 90' lang='lat' dir='ltr'><em>bari</em></span> <span class='ocrx_word' id='word_1_311' title='bbox 269 3856 306 3921; x_wconf 92' lang='lat' dir='ltr'><em>in</em></span> <span class='ocrx_word' id='word_1_312' title='bbox 329 3877 354 3921; x_wconf 93' lang='lat' dir='ltr'><em>c.</em></span> <span class='ocrx_word' id='word_1_313' title='bbox 372 3862 402 3918; x_wconf 93' lang='grc'><em>2.</em></span> <span class='ocrx_word' id='word_1_314' title='bbox 426 3875 492 3919; x_wconf 94' lang='lat' dir='ltr'><em>non</em></span> <span class='ocrx_word' id='word_1_315' title='bbox 514 3856 632 3918; x_wconf 62' lang='lat' dir='ltr'><em>odunt</em></span> <span class='ocrx_word' id='word_1_316' title='bbox 652 3854 727 3919; x_wconf 92' lang='lat' dir='ltr'><em>inde</em></span> <span class='ocrx_word' id='word_1_317' title='bbox 749 3857 789 3920; x_wconf 91' lang='lat' dir='ltr'><em>ab</em></span> <span class='ocrx_word' id='word_1_318' title='bbox 813 3856 1060 3940; x_wconf 77' lang='lat' dir='ltr'><em>Expectatque.</em></span> <span class='ocrx_word' id='word_1_319' title='bbox 1111 3854 1190 3919; x_wconf 80' lang='lat' dir='ltr'><em>Onon</em></span> <span class='ocrx_word' id='word_1_320' title='bbox 1213 3853 1292 3933; x_wconf 71' lang='lat' dir='ltr'><em>(inis</em></span> 
     </span>
     <span class='ocr_line' id='line_1_40' title="bbox 175 3938 1291 4026; baseline -0.004 -16"><span class='ocrx_word' id='word_1_321' title='bbox 175 3967 199 4010; x_wconf 92' lang='lat' dir='ltr'><em>c.</em></span> <span class='ocrx_word' id='word_1_322' title='bbox 220 3951 270 4009; x_wconf 82' lang='grc'><em>17.</em></span> <span class='ocrx_word' id='word_1_323' title='bbox 280 3951 354 4026; x_wconf 89' lang='lat' dir='ltr'><em>post</em></span> <span class='ocrx_word' id='word_1_324' title='bbox 368 3965 393 4009; x_wconf 92' lang='lat' dir='ltr'><em>c.</em></span> <span class='ocrx_word' id='word_1_325' title='bbox 410 3950 460 4006; x_wconf 82' lang='grc'><em>15.</em></span> <span class='ocrx_word' id='word_1_326' title='bbox 477 3942 688 4023; x_wconf 90' lang='lat' dir='ltr'><em>transpositus</em></span> <span class='ocrx_word' id='word_1_327' title='bbox 703 3943 752 4023; x_wconf 85' lang='lat' dir='ltr'><em>sit,</em></span> <span class='ocrx_word' id='word_1_328' title='bbox 776 3942 858 4008; x_wconf 90' lang='lat' dir='ltr'><em>sicut</em></span> <span class='ocrx_word' id='word_1_329' title='bbox 871 3943 909 4007; x_wconf 90' lang='lat' dir='ltr'><em>in</em></span> <span class='ocrx_word' id='word_1_330' title='bbox 924 3944 958 4007; x_wconf 93' lang='lat' dir='ltr'><strong><em>A</em></strong></span> <span class='ocrx_word' id='word_1_331' title='bbox 971 3950 1000 4006; x_wconf 90' lang='lat'><em>3.</em></span> <span class='ocrx_word' id='word_1_332' title='bbox 1018 3945 1059 4006; x_wconf 83' lang='lat'><em>3‘.</em></span> <span class='ocrx_word' id='word_1_333' title='bbox 1077 3943 1133 4005; x_wconf 61' lang='lat'><em>3⁸.</em></span> <span class='ocrx_word' id='word_1_334' title='bbox 1152 3938 1193 4023; x_wconf 73' lang='grc'><em>3’,</em></span> <span class='ocrx_word' id='word_1_335' title='bbox 1212 3942 1291 4006; x_wconf 91' lang='lat' dir='ltr'><em>liber</em></span> 
     </span>
     <span class='ocr_line' id='line_1_41' title="bbox 123 4028 1290 4113; baseline -0.009 -10"><span class='ocrx_word' id='word_1_336' title='bbox 123 4064 156 4103; x_wconf 70' lang='lat' dir='ltr'><em>eo</em></span> <span class='ocrx_word' id='word_1_337' title='bbox 174 4033 243 4098; x_wconf 91' lang='lat' dir='ltr'><em>sine</em></span> <span class='ocrx_word' id='word_1_338' title='bbox 265 4033 360 4099; x_wconf 90' lang='lat' dir='ltr'><em>dubio</em></span> <span class='ocrx_word' id='word_1_339' title='bbox 383 4032 456 4097; x_wconf 83' lang='lat' dir='ltr'><em>buis</em></span> <span class='ocrx_word' id='word_1_340' title='bbox 478 4030 626 4112; x_wconf 83' lang='lat' dir='ltr'><em>familiae</em></span> <span class='ocrx_word' id='word_1_341' title='bbox 649 4033 909 4096; x_wconf 84' lang='lat' dir='ltr'><em>adnumerandus</em></span> <span class='ocrx_word' id='word_1_342' title='bbox 932 4039 985 4112; x_wconf 81' lang='lat' dir='ltr'><em>cst,</em></span> <span class='ocrx_word' id='word_1_343' title='bbox 1010 4033 1065 4096; x_wconf 86' lang='lat' dir='ltr'><em>sed</em></span> <span class='ocrx_word' id='word_1_344' title='bbox 1086 4030 1221 4113; x_wconf 88' lang='lat' dir='ltr'><em>epistula</em></span> <span class='ocrx_word' id='word_1_345' title='bbox 1243 4028 1290 4093; x_wconf 91' lang='lat' dir='ltr'><em>ibi</em></span> 
     </span>
     <span class='ocr_line' id='line_1_42' title="bbox 174 4118 1289 4203; baseline -0.005 -17"><span class='ocrx_word' id='word_1_346' title='bbox 174 4143 238 4186; x_wconf 90' lang='lat' dir='ltr'><em>non</em></span> <span class='ocrx_word' id='word_1_347' title='bbox 260 4122 331 4186; x_wconf 84' lang='lat' dir='ltr'><em>liat</em></span> <span class='ocrx_word' id='word_1_348' title='bbox 353 4143 450 4203; x_wconf 81' lang='lat' dir='ltr'><em>neque</em></span> <span class='ocrx_word' id='word_1_349' title='bbox 467 4119 670 4202; x_wconf 86' lang='lat' dir='ltr'><em>praefationi</em></span> <span class='ocrx_word' id='word_1_350' title='bbox 693 4120 777 4184; x_wconf 89' lang='lat' dir='ltr'><em>locus</em></span> <span class='ocrx_word' id='word_1_351' title='bbox 800 4119 926 4185; x_wconf 87' lang='lat' dir='ltr'><em>alienus</em></span> <span class='ocrx_word' id='word_1_352' title='bbox 941 4121 1079 4185; x_wconf 84' lang='lat' dir='ltr'><em>insertus</em></span> <span class='ocrx_word' id='word_1_353' title='bbox 1102 4124 1155 4183; x_wconf 88' lang='lat' dir='ltr'><em>cst.</em></span> <span class='ocrx_word' id='word_1_354' title='bbox 1191 4118 1289 4181; x_wconf 89' lang='lat' dir='ltr'><em>Prae·</em></span> 
     </span>
    </p>
   </div>
   <div class='ocr_carea' id='block_1_3' title="bbox 170 4291 1291 4504">
    <p class='ocr_par' dir='ltr' id='par_1_3' title="bbox 170 4291 1291 4504">
     <span class='ocr_line' id='line_1_43' title="bbox 175 4291 1291 4362; baseline -0.008 -12"><span class='ocrx_word' id='word_1_355' title='bbox 175 4297 201 4361; x_wconf 81' lang='lat'><em>1)</em></span> <span class='ocrx_word' id='word_1_356' title='bbox 220 4297 277 4350; x_wconf 83' lang='lat' dir='ltr'><em>Sor.</em></span> <span class='ocrx_word' id='word_1_357' title='bbox 295 4312 349 4350; x_wconf 88' lang='lat' dir='ltr'><em>rer.</em></span> <span class='ocrx_word' id='word_1_358' title='bbox 363 4295 509 4361; x_wconf 76' lang='lat' dir='ltr'><em>Merooa&#39;np.</em></span> <span class='ocrx_word' id='word_1_359' title='bbox 522 4295 541 4346; x_wconf 94' lang='grc' dir='ltr'><em>Ι</em></span> <span class='ocrx_word' id='word_1_360' title='bbox 546 4295 576 4359; x_wconf 82' lang='lat' dir='ltr'><em>V,</em></span> <span class='ocrx_word' id='word_1_361' title='bbox 589 4296 650 4350; x_wconf 83' lang='lat'><em>246.</em></span> <span class='ocrx_word' id='word_1_362' title='bbox 705 4297 733 4362; x_wconf 91' lang='grc'><em>2)</em></span> <span class='ocrx_word' id='word_1_363' title='bbox 756 4295 796 4360; x_wconf 66' lang='lat' dir='ltr'><em>Cf.</em></span> <span class='ocrx_word' id='word_1_364' title='bbox 809 4295 843 4348; x_wconf 82' lang='lat' dir='ltr'><em>E.</em></span> <span class='ocrx_word' id='word_1_365' title='bbox 856 4295 975 4360; x_wconf 83' lang='lat' dir='ltr'><em>Dronbc,</em></span> <span class='ocrx_word' id='word_1_366' title='bbox 995 4294 1128 4357; x_wconf 81' lang='lat' dir='ltr'><em>‘Beltrdp&#39;e</em></span> <span class='ocrx_word' id='word_1_367' title='bbox 1145 4308 1168 4345; x_wconf 79' lang='lat' dir='ltr'><em>c.</em></span> <span class='ocrx_word' id='word_1_368' title='bbox 1186 4291 1291 4342; x_wconf 80' lang='lat' dir='ltr'><em>Biblio-</em></span> 
     </span>
     <span class='ocr_line' id='line_1_44' title="bbox 170 4365 1162 4434; baseline -0.003 -16"><span class='ocrx_word' id='word_1_369' title='bbox 170 4367 287 4434; x_wconf 80' lang='lat' dir='ltr'><em>propbie</em></span> <span class='ocrx_word' id='word_1_370' title='bbox 305 4383 332 4421; x_wconf 86' lang='lat' dir='ltr'><em>u.</em></span> <span class='ocrx_word' id='word_1_371' title='bbox 350 4367 606 4432; x_wconf 61' lang='lat' dir='ltr'><em>better-aturensis,</em></span> <span class='ocrx_word' id='word_1_372' title='bbox 625 4366 804 4431; x_wconf 77' lang='lat' dir='ltr'><em>Conflueutr‘oe</em></span> <span class='ocrx_word' id='word_1_373' title='bbox 824 4367 903 4430; x_wconf 82' lang='lat'><strong>1837,</strong></span> <span class='ocrx_word' id='word_1_374' title='bbox 923 4365 947 4431; x_wconf 83' lang='lat' dir='ltr'><em>I,</em></span> <span class='ocrx_word' id='word_1_375' title='bbox 962 4382 992 4432; x_wconf 85' lang='lat' dir='ltr'><em>p.</em></span> <span class='ocrx_word' id='word_1_376' title='bbox 1008 4367 1058 4419; x_wconf 85' lang='lat'><em>106</em></span> <span class='ocrx_word' id='word_1_377' title='bbox 1068 4365 1162 4417; x_wconf 81' lang='grc'><strong>-110,</strong></span> 
     </span>
     <span class='ocr_line' id='line_1_45' title="bbox 1079 4449 1112 4504; baseline 0 -20"><span class='ocrx_word' id='word_1_378' title='bbox 1079 4449 1112 4504; x_wconf 75' lang='lat'><em>7*</em></span> 
     </span>
    </p>
   </div>
   <div class='ocr_carea' id='block_1_4' title="bbox 0 0 1494 4928">
    <p class='ocr_par' dir='ltr' id='par_1_4' title="bbox 0 0 1494 4928">
     <span class='ocr_line' id='line_1_46' title="bbox 0 0 1494 4928; baseline 0 1"><span class='ocrx_word' id='word_1_379' title='bbox 0 0 1494 4928; x_wconf 95' lang='lat' dir='ltr'><em> </em></span> 
     </span>
    </p>
   </div>
  </div>
 </body>
</html>
