2978 4928
404 382 529 454 IONAS,
543 382 664 438 VITAE
683 384 910 441 GOLUMBANI
929 386 1038 442 LIBRI
1053 387 1094 453 Π.
1274 392 1309 445 58

190 565 228 631 in
250 586 314 646 qua
337 565 438 630 clerus
460 565 650 631 Gallicanus
672 566 784 632 ultima
807 589 904 632 ausus
927 575 973 632 esl
994 574 1104 632 contra
1124 567 1311 635 Columbuui

190 660 314 734 sectam,
338 674 427 735 qnae,
452 653 519 718 nisi
537 655 730 720 veliementer
744 655 852 736 fallor,
876 655 989 721 uictori
1005 657 1103 738 cessit,
1128 663 1200 723 acta
1219 659 1310 723 nulla

191 748 359 824 supersunt
380 763 479 823 neque
500 742 668 824 quisquam
697 743 840 808 meminit
861 751 993 826 praeter
1015 747 1133 810 Ionam
1155 753 1307 811 nostrum.

196 830 259 913 Qui
277 852 346 895 cum
362 832 463 912 paulo
479 837 552 912 post
567 832 746 896 Luuomum
764 834 929 898 aduenisse
946 833 1100 915 uideatur,
1124 834 1309 899 memoriam

160 943 173 982 s
191 941 301 986 earum
325 939 431 983 rerum
447 920 616 985 etiamtunc
631 928 782 985 recentem
798 928 978 1003 reppererat
992 923 1145 1004 martimo
1160 922 1309 988 Eustasii

193 1006 236 1090 (a.
256 1010 336 1092 629)
360 1007 496 1086 fortasse
518 1008 586 1091 ipse
609 1009 809 1090 interfuerat,
835 1010 1070 1092 cumpluribus
1087 1033 1156 1076 eam
1174 1011 1308 1092 desorip

192 1096 277 1162 serit.
313 1096 459 1178 Demque
475 1099 519 1161 ad
531 1097 663 1162 uirtutes
678 1098 714 1162 in
729 1099 919 1163 monasterio
934 1098 1145 1164 Enoriaaensi
1155 1107 1309 1184 patratas

191 1192 401 1265 transeamus,
426 1188 471 1250 ad
491 1207 571 1266 quas
594 1187 736 1251 lectorem
755 1194 865 1252 auctor
888 1186 957 1269 (II,
978 1187 1012 1270 7)
1036 1188 1088 1252 bis
1107 1188 1210 1254 verbis
1233 1189 1309 1253 dele·

189 1280 339 1357 quaerat:
363 1275 406 1337 In
429 1296 496 1357 quo
521 1271 601 1355 (scil.
620 1275 827 1359 monasterio)
852 1282 1002 1360 quantae
1020 1279 1166 1343 virtutes
1190 1282 1309 1361 postea

147 1387 174 1426 ιο
191 1365 306 1429 factae
336 1364 478 1439 fuerint,
510 1365 539 1426 si
568 1365 641 1428 vitu
672 1385 783 1430 comes
814 1367 930 1441 fuerit,
965 1368 1124 1449 prosequi
1153 1368 1308 1430 nitimur.

193 1452 276 1518 Sunt
298 1451 367 1532 ipso
391 1458 463 1516 teste
485 1451 589 1533 siqua,
620 1473 700 1532 quae
727 1455 773 1518 ad
793 1453 1008 1519 exhortandas
1029 1456 1077 1518 ael
1100 1455 1310 1519 consolandas

191 1539 334 1622 oirqines
347 1540 508 1605 Dominus
524 1543 739 1605 demonstrare
754 1541 905 1624 dipnatus
921 1549 973 1624 est,
993 1543 1146 1624 inprimis
1163 1543 1308 1623 visiones,

192 1650 272 1711 quas
301 1629 441 1711 airpines
470 1628 508 1693 in
537 1629 684 1693 extremis
706 1630 832 1711 positae
861 1630 978 1696 cidisse
1007 1630 1070 1696 sibi
1096 1632 1183 1696 nisae
1206 1638 1308 1713 eram,

191 1716 356 1782 iuuenibus
378 1717 506 1799 ipsoque
525 1724 664 1782 creatore
679 1718 915 1802 apparentibus,
940 1719 1036 1785 caelis
1052 1720 1179 1802 apertis,
1205 1720 1310 1785 eloris

147 1826 174 1868 ιο
191 1805 345 1888 anqelicis
367 1806 496 1887 auditis,
519 1827 616 1888 eaque
639 1827 719 1887 quae
734 1814 809 1889 post
830 1814 959 1873 mortem
981 1807 1018 1872 in
1041 1809 1160 1873 cellulis
1182 1809 1309 1888 defunc·

192 1901 298 1959 tarum
335 1896 383 1959 ael
420 1894 456 1959 in
493 1894 623 1960 ecclesia
657 1897 819 1960 obseruata
856 1903 939 1977 sunt,
978 1896 1126 1961 odoribus
1159 1897 1309 1962 suaoibus

193 1984 391 2064 balsamoque
425 1984 635 2048 redolentibus
669 1983 920 2066 *luminibusque
950 1984 1039 2049 uisis·
1089 1986 1181 2050 Haeo
1211 1985 1308 2049 mira·
1327 2007 1402 2056 uss.

193 2072 264 2137 cula
297 2094 337 2137 ea
369 2094 464 2153 quam
502 2075 589 2153 apud
625 2072 766 2154 cirqines
799 2073 1029 2139 Eooriaeenses
1063 2075 1309 2154 deprehenderat

192 2167 292 2225 mente
319 2182 441 2241 parum
475 2182 558 2225 sana
590 2162 691 2226 Ionas
725 2161 964 2244 diliqentissime
997 2161 1111 2227 litteris
1143 2160 1310 2227 mandavit

147 2271 175 2310 so
192 2249 317 2330 ipseque
336 2249 550 2331 obiurqatioui
568 2271 674 2314 eorum
691 2250 759 2314 iam
777 2252 966 2332 occurrebat,
990 2250 1046 2332 qui
1068 2273 1137 2316 eum
1161 2252 1221 2314 ‘res
1244 2272 1309 2316 non

192 2338 390 2403 necessariae
412 2338 592 2419 compilare’
614 2339 826 2404 iudicarent1.
876 2339 964 2405 Certe
993 2341 1070 2404 laea
1098 2339 1203 2422 operis
1227 2360 1309 2420 pars

191 2425 340 2506 intimum
368 2428 468 2492 locum
498 2427 621 2509 obtinet,
652 2427 711 2492 etsi
739 2450 855 2510 neqare
884 2429 965 2509 nolo,
996 2451 1034 2494 ea
1063 2449 1143 2510 quae
1172 2431 1210 2493 de
1238 2449 1307 2509 usu,

192 2514 267 2596 mta,
286 2515 427 2581 moribus
442 2515 602 2597 oirqinum
618 2516 654 2581 in
669 2517 860 2582 monasterio
876 2517 1052 2599 depentium
1068 2516 1154 2582 testis
1168 2517 1309 2582 oculatus

192 2603 298 2669 attulit
319 2604 407 2669 baud
422 2604 522 2685 parvi
543 2605 692 2669 momenti
713 2625 778 2669 esse
796 2607 840 2670 ad
861 2608 1104 2688 coquoscendum
1125 2605 1215 2670 illius
1238 2605 1309 2670 aem

148 2713 174 2753 u
192 2713 257 2756 non
279 2693 379 2757 solum
400 2692 649 2774 ecclesiasticum,
673 2695 729 2758 sed
750 2693 844 2758 etiam
859 2693 1045 2759 intestinum
1059 2715 1167 2759 rerum
1181 2700 1306 2759 statum.

301 2801 395 2881 Sane,
425 2820 465 2864 ne
492 2800 615 2865 auctori
636 2800 795 2865 iniuriam
818 2800 1006 2881 inferamus,
1035 2802 1225 2865 monendum
1254 2806 1307 2880 est,

192 2888 276 2953 nitas
297 2895 478 2954 satiatorum
501 2909 535 2953 eo
558 2895 680 2953 tantum
704 2889 834 2954 consilio
865 2891 904 2953 ab
934 2889 1003 2970 ipso
1026 2888 1211 2970 compositas
1233 2909 1307 2968 esse,
1410 2946 1411 2949 ,

192 2984 227 3041 ut
249 2979 399 3058 quomodo
422 2999 443 3040 a
460 2977 681 3043 uetustioribus
699 2977 948 3059 lapioqrapbis²
965 2977 1146 3059 priscorum
1168 2977 1308 3058 enempla

192 3065 352 3131 imitanda
366 3065 435 3130 suis
451 3065 639 3147 temporibus
655 3066 815 3147 praestita
830 3072 938 3146 essent,
957 3066 1005 3130 ita
1019 3066 1087 3147 ipse
1101 3064 1308 3129 recentiorum

148 3173 175 3213 u
193 3160 223 3219 et
250 3153 347 3219 mtam
377 3154 569 3220 laudabilem
598 3161 628 3219 et
654 3153 812 3220 miracula
835 3153 1016 3234 posteritati
1044 3154 1089 3218 ad
1116 3152 1309 3217 imitandam

187 3249 385 3324 proponeret.
430 3241 604 3308 Consilium
626 3242 727 3324 iqitur
744 3241 977 3307 adhortatinum
994 3248 1177 3323 persecutus
1198 3246 1245 3306 est
1266 3243 1310 3305 ad

118 3385 120 3388 .
187 3331 365 3412 profectum
381 3331 594 3413 perfectorum
612 3331 918 3414 emendationemque
935 3329 1192 3412 delinquentium.
1230 3329 1309 3394 Oum

193 3419 352 3484 miraculo
364 3420 520 3486 nonnulla
532 3420 721 3502 eoanqelicis
735 3420 902 3485 simillima
916 3420 1108 3485 Columbaria
1119 3418 1308 3499 attribuerit,

193 3528 228 3573 eo
243 3507 347 3589 maqis
360 3509 497 3589 fortasse
511 3516 691 3592 peccatores
706 3509 843 3590 euemplo
858 3507 1006 3591 mapistri
1024 3509 1068 3573 ad
1084 3507 1310 3589 perfectionem

149 3617 176 3659 u
193 3596 330 3661 incitare
352 3597 414 3662 sibi
436 3597 610 3663 uidebatur.

300 3703 469 3768 Historiae
497 3704 701 3769 Francorum
730 3705 833 3768 Ionas
861 3709 897 3768 ut
927 3708 997 3767 erat
1022 3702 1215 3785 pereqrinus
1245 3723 1309 3766 non

194 3793 271 3856 adeo
305 3814 423 3875 mapna
451 3792 573 3873 peritia
599 3793 799 3876 praestabat.
862 3791 1088 3856 Columbanum
1122 3790 1215 3872 enim,
1254 3789 1310 3872 qui

193 3879 338 3944 moesimo
361 3901 448 3946 anno
473 3877 531 3958 (=
548 3887 623 3944 610.
637 3903 672 3963 p.
694 3879 788 3961 our.)
812 3883 965 3945 desertum
988 3879 1106 3961 Vosaqi
1128 3879 1308 3960 reliquerat,

194 3989 228 4032 eo
258 3969 422 4035 aduenisse
452 3968 562 4034 statuit
592 3969 747 4050 Siqiberto
776 3975 936 4050 reqnante,
972 3967 1024 4032 cui
1053 3969 1114 4032 duo
1147 3988 1248 4049 reqna
1281 3973 1310 4032 et

148 4081 176 4120 oo
194 4057 439 4122 Austrosiorum
462 4064 491 4122 et
512 4057 783 4139 Burqundionum
806 4056 990 4138 attribnit³;
1019 4078 1054 4121 eo
1083 4062 1186 4120 autern
1215 4056 1309 4120 iuter·

193 4145 273 4224 fecto
307 4146 344 4211 in
378 4153 543 4227 utrumque
572 4167 704 4228 requam
731 4145 965 4210 Obildebertum
994 4145 1098 4225 filium
1127 4143 1309 4210 successisse

196 4345 222 4412 ι)
241 4347 269 4400 r.
290 4346 404 4401 aarum.
422 4348 463 4414 H,
479 4349 519 4402 16.
592 4346 621 4412 2)
639 4345 683 4400 a.
701 4346 724 4411 Ι,
739 4348 762 4400 1.
835 4348 863 4412 s)
884 4345 927 4400 a.
945 4346 968 4412 1,
983 4347 1008 4401 s.
