2978 4928
242 325 283 385 203
456 324 581 395 IONAS,
594 319 716 380 VITAE
735 321 965 381 COLUMBANI
983 322 1092 381 LIBRI
1109 323 1149 382 11.

245 509 283 575 Is
305 506 439 591 donique
461 508 663 574 solitudinem
689 528 775 573 more
802 528 859 572 suo
888 507 1004 572 iterum
1033 505 1124 572 adire
1153 505 1366 589 desiderabat,

245 618 374 679 cumque
396 604 590 680 coqnoseeret
611 598 711 662 locum
733 598 873 661 ubertate
887 598 1067 677 fecundum,
1084 597 1179 678 aquis
1193 595 1363 678 irriquum,

151 711 228 760 uno.
238 685 378 770 piscium
412 685 503 768 copia
537 684 711 767 *indquem
744 685 904 750 Bobium1
937 684 1064 750 nomine
1100 685 1137 749 in
1171 684 1367 767 Apennino2

245 775 340 840 ntum
363 796 428 840 esse
450 776 496 840 od
516 773 621 838 riuum
648 774 786 839 eiusdem
816 773 966 854 nominis,
996 774 1086 838 baud
1107 774 1223 856 procul
1250 773 1367 839 Trebia

245 863 301 929 illo
330 864 458 948 perfido
487 865 622 945 (luente,
657 883 692 927 eo
721 883 754 928 se
783 862 914 929 contulit
947 862 1171 943 basilicamque
1205 883 1286 945 quae
1319 863 1402 929 ibis

246 952 372 1018 arctabat
402 952 437 1017 S.
461 951 552 1016 Petri
581 950 765 1016 semirutam
789 951 899 1032 prisco
929 950 1033 1016 decori
1062 951 1231 1016 restituens
1259 971 1366 1017 mona-

245 1041 375 1106 sterium
400 1040 460 1106 SS.
478 1039 570 1105 Petri
593 1046 623 1104 et
644 1039 744 1104 Pauli
766 1046 945 1105 construere
962 1039 1105 1121 parasii.
1144 1041 1298 1122 Moqna⁸
1319 1039 1367 1105 ibi

245 1129 471 1193 monachorum
495 1128 695 1210 conprepatio
718 1127 886 1194 coniuncto
908 1135 962 1209 est,
986 1130 1024 1193 de
1039 1128 1155 1194 litteris
1170 1127 1366 1194 bumaniori-

247 1219 304 1282 bns
334 1216 447 1299 optime
475 1216 606 1297 merita,
642 1216 928 1299 monasteriumque
962 1217 1194 1282 celeberrimum
1224 1239 1246 1281 a
1273 1216 1366 1300 prin-

247 1305 372 1389 cipibus
404 1305 622 1386 nobilibusque
655 1305 882 1388 Lanqobardis
912 1306 1165 1388 possessionibus
1198 1308 1288 1389 larqe
1321 1305 1366 1371 di·
1385 1333 1416 1371 ιο

248 1400 348 1459 tatum
370 1395 417 1459 oel
440 1393 591 1476 episcopii
614 1414 728 1459 nomen
750 1393 883 1476 deniqm
905 1394 1051 1459 meruit⁴.

355 1516 512 1583 Miliaria
534 1524 682 1599 quattuor
704 1538 743 1583 coc
765 1517 851 1582 omni
876 1517 973 1584 latere
996 1518 1146 1585 basilicae
1174 1518 1368 1585 Oolnmbono

249 1606 471 1689 monachisque
494 1605 562 1671 eins
584 1606 752 1688 Aqilulfus
775 1612 918 1689 cesserat,
943 1606 1072 1672 licentio
1101 1607 1270 1673 babitandi
1292 1630 1367 1692 per-

249 1695 364 1777 missa,
400 1716 499 1776 neque
528 1695 697 1777 quiequam
726 1703 887 1779 occoeperat
913 1702 1044 1780 practer
1071 1696 1160 1780 putei
1188 1695 1365 1779 dimidium,

250 1785 332 1867 quod
354 1783 532 1850 Sundrarit
553 1784 623 1849 ciro
645 1784 817 1867 maqnidco
839 1785 906 1850 iam
929 1786 1048 1849 dudum
1078 1792 1271 1851 concesserat
1300 1807 1367 1850 una
1385 1811 1414 1851 ιε

177 1955 180 1959 ’
249 1895 318 1939 cum
341 1873 440 1956 liquis
463 1875 508 1938 ad
528 1874 611 1939 sales
634 1875 816 1955 coquendos.
864 1873 1042 1940 Sundrarit
1063 1896 1127 1939 esse
1149 1873 1367 1940 Suudrarium

249 1962 341 2027 illum
379 1965 487 2028 ducem
520 1964 822 2046 Lanqobordorum,
863 1962 920 2045 qui
957 1964 1050 2027 rebus
1087 1965 1161 2028 bene
1197 1963 1293 2044 pestis
1330 1965 1368 2028 de

250 2051 396 2133 Aqilulfo
419 2051 545 2132 eiusque
568 2073 742 2117 successore
766 2051 879 2136 optime
902 2051 1032 2116 meritus
1055 2058 1125 2117 erat
1134 2052 1154 2134 ⁵,
1179 2058 1268 2117 acute
1297 2073 1367 2117 con-

250 2139 324 2205 iecit
345 2141 385 2204 L.
410 2140 460 2204 M.
478 2141 697 2222 Har·tmonn⁶,
723 2162 851 2221 cumque
873 2140 975 2222 ipsius
998 2140 1053 2204 oin
1075 2139 1242 2223 quisquam
1264 2140 1368 2205 memi-

251 2227 336 2293 nerit
351 2235 485 2312 praeter
508 2229 756 2294 continuatorem
779 2229 933 2311 Prosperi
948 2229 1188 2294 Hooniensem⁷
1210 2236 1416 2294 auctoramus

250 2317 319 2396 fere
341 2317 492 2399 iunctum,
517 2317 572 2398 qui
593 2339 691 2400 usque
713 2320 758 2382 ad
779 2324 889 2383 nostra
912 2325 1050 2400 tempora
1074 2317 1112 2383 in
1134 2317 1266 2384 scriniis
1294 2317 1367 2383 deli-

252 2411 363 2487 tnerot,
394 2405 477 2470 idem
502 2413 668 2489 praecepto
690 2405 829 2488 Apilnld
858 2413 887 2472 et
908 2406 1021 2489 quibus
1049 2406 1132 2472 illud
1160 2409 1369 2487 confirmatur

252 2496 371 2559 duobus
386 2493 574 2559 Adalualdi
595 2496 690 2575 pidem
712 2496 890 2562 leuberedum
913 2517 978 2561 esse
999 2503 1080 2563 recte
1102 2495 1269 2562 coniecisse
1289 2495 1369 2560 mibi

251 2583 384 2649 violetur.
436 2585 523 2665 Quae
551 2583 588 2648 in
611 2584 722 2648 oborto
745 2584 912 2651 Ludoccicc'
934 2585 988 2648 Π.
1019 2609 1049 2650 a.
1075 2591 1150 2650 860.
1178 2583 1369 2650 monasterio

251 2671 408 2736 Bobiensi
437 2673 603 2737 concessa8
626 2680 907 2739 commemorantur
925 2681 1094 2756 praecepta
1122 2680 1152 2739 et
1173 2672 1311 2757 Aqilulri
1340 2679 1370 2738 ct
1387 2698 1416 2738 u>

252 2760 440 2826 Adulwoldi
474 2761 670 2842 aliorumque
697 2784 807 2844 rapum
836 2765 881 2828 ad
908 2762 1122 2828 immunitatis
1154 2763 1369 2843 defensionem

252 2852 433 2933 spectabant
463 2871 562 2932 neque
595 2850 670 2915 inde
703 2851 847 2917 concludi
881 2851 952 2917 licet
985 2851 1136 2917 cessionis
1169 2852 1298 2917 obortas
1331 2853 1368 2916 de

251 2939 365 3022 quibus
388 2937 496 3021 opitur
518 2946 593 3005 tune
619 2939 765 3024 extitisse.
819 2941 939 3006 Puteus
967 2940 1022 3004 ille
1044 2941 1252 3005 Hartmanno
1282 2939 1373 3005 uisus·

251 3035 297 3094 est
328 3029 404 3108 fons
437 3050 502 3096 csse
532 3028 657 3094 salinus
692 3029 751 3095 loci
781 3028 990 3111 Pioneasolc,
1026 3029 1116 3094 cuius
1149 3029 1292 3095 sonandi
1321 3027 1370 3093 cis

251 3118 402 3199 bodieqne
438 3118 550 3202 maqm'
591 3117 787 3184 aestimatur.
856 3117 1018 3200 Alpecella
1063 3138 1143 3200 quae
1188 3118 1418 3202 appellaturus

253 3362 280 3427 1)
308 3361 338 3412 V.
357 3361 475 3416 Columb.
491 3363 570 3428 I,30.
661 3362 690 3430 2)
716 3363 830 3414 Bobium
848 3365 884 3414 od
904 3366 1070 3431 procinctum
1088 3365 1172 3431 Alpes
1190 3364 1291 3416 Cottius
1305 3379 1369 3430 per·

252 3432 350 3483 timebat
371 3438 431 3484 teste
448 3433 544 3498 Paulo,
562 3434 635 3487 Hist.
654 3433 774 3499 Lanqob.
792 3435 842 3499 IV,
857 3436 902 3489 41:
923 3433 1141 3502 coenobiumque
1159 3433 1231 3502 quod
1249 3433 1369 3487 Bobium

253 3502 408 3570 appellatur
425 3502 453 3554 in
471 3502 590 3572 Alpibus
608 3501 703 3556 Cottiis
722 3503 884 3571 aedificavit,
910 3506 983 3573 quod
1007 3505 1188 3574 quadraginta
1204 3505 1314 3558 milibus
1333 3504 1368 3558 ab
1418 3569 1420 3572 Ι

252 3573 321 3626 urbe
347 3571 479 3625 dividitur
503 3573 649 3628 Tioinensi.
685 3577 711 3626 A
736 3579 895 3628 monasterio
920 3579 1034 3631 alterum
1059 3577 1173 3629 Bobium
1197 3579 1226 3628 in
1250 3576 1369 3644 Alpibus
1412 3577 1415 3580 ’

252 3646 403 3712 Apenninis
414 3647 495 3696 situm
507 3646 575 3696 idem
586 3652 682 3697 auctor
693 3646 734 3712 II,
749 3650 782 3701 18
799 3648 969 3714 disttnuerat,
989 3665 1045 3716 quo
1057 3650 1089 3701 de
1100 3664 1182 3700 consa
1193 3647 1368 3714 reprehensus
1387 3657 1418 3698 ss

253 3721 290 3767 est
307 3732 326 3767 a
349 3716 398 3768 Th.
412 3715 563 3780 Mommsen,
584 3716 627 3770 ‘N.
641 3716 732 3769 Arde!
749 3719 779 3784 V,
792 3720 836 3784 87,
854 3720 919 3770 diem
936 3721 1006 3772 bunc
1024 3721 1108 3772 locum
1122 3734 1207 3787 prope
1224 3719 1368 3770 Sarsinam

252 3790 333 3838 situm
357 3802 410 3839 esse
431 3790 527 3839 statuit
545 3787 573 3839 J.
594 3788 679 3854 cruny,
698 3789 758 3841 ‘Die
775 3790 892 3842 Prooinz
909 3792 956 3842 der
973 3793 1056 3858 Alpes
1073 3790 1248 3858 Apenninoe',
1269 3789 1384 3842 ‘Minu'

253 3859 278 3912 d.
306 3859 430 3910 Institnts
466 3861 487 3922 f.
519 3859 667 3913 b'sterreiclc.
701 3860 960 3924 Gcschicbtsforscb.'
990 3864 1087 3927 (1902)
1118 3861 1229 3927 XXIII,
1257 3877 1288 3926 p.
1308 3862 1367 3915 156.

253 3927 280 3996 3)
309 3929 422 3995 Paulus,
448 3930 520 3982 Hist.
546 3930 664 3996 Lonpob.
684 3932 736 3997 IV,
757 3935 800 3986 41.
888 3934 916 3997 4)
941 3933 1077 3998 Uqbellus,
1101 3933 1186 3984 Italia
1210 3947 1291 3982 socru
1315 3931 1367 3996 IV,

253 4000 300 4053 col.
320 4000 396 4055 925².
487 4002 514 4068 b)
542 4001 584 4065 Cf.
602 4001 635 4056 L.
655 4001 691 4055 M.
711 4002 879 4069 Hammona,
899 4003 999 4056 ‘Gcscb
1018 4004 1129 4055 Italicus
1147 4005 1184 4054 im
1202 4003 1369 4054 Mittelalter’
1386 4013 1419 4052 uo

253 4071 349 4133 (1900)
361 4071 401 4137 II,
416 4075 440 4136 1,
457 4088 485 4138 p.
499 4073 559 4126 204.
615 4073 642 4138 6)
659 4073 870 4140 ‘Bemerlcunqen
886 4091 922 4126 cu
939 4075 990 4126 den
1008 4075 1115 4126 dltesten
1132 4073 1369 4139 lanqobardiscben

253 4141 510 4207 Kbniqsurlcnnden’
528 4143 584 4206 (‘N.
603 4145 699 4198 Arebl
716 4145 807 4210 XXV,
823 4163 853 4212 p.
867 4147 1004 4213 bbsssqq.).
1096 4148 1122 4212 7)
1145 4145 1197 4199 Ed.
1215 4143 1368 4210 Mommsen,

253 4212 329 4265 Aust.
349 4215 431 4280 antiq.
451 4214 502 4279 IX,
525 4230 554 4280 p.
573 4218 633 4270 339.
727 4217 755 4283 8)
784 4217 855 4271 Hist.
878 4221 952 4283 patr.
978 4230 1047 4270 cnon.
1068 4216 1227 4280 Chartael,
1252 4215 1298 4270 col.
1317 4217 1372 4280 48)

253 4282 438 4351 Mdblbocber,
457 4285 538 4351 ‘Reqf
556 4303 583 4340 n.
597 4289 675 4342 1183.
