2978 4928
244 377 281 432 22
457 370 583 440 IONAS,
595 369 718 425 VITAE
737 367 966 425 COLUMBANI
984 368 1093 424 LIBRI
1109 368 1149 426 Π.
1217 428 1219 432 Α

335 556 431 621 Haec
455 555 520 619 tibi
545 555 712 618 dictarem
736 554 865 618 morbis
889 574 1070 639 oppressus
1095 553 1234 630 acervis,

335 643 484 729 Corpore
508 663 593 727 quos
616 642 734 726 fragili
758 643 872 726 patior
895 643 1056 726 tristique
1080 645 1229 719 senecta,

334 733 423 797 Nam
448 733 530 796 dum
554 731 737 816 praecipiti
760 731 929 795 labuntur
950 735 1108 816 tempora
1131 751 1243 805 cursu,

333 822 436 886 Nunc
460 823 504 885 ad
527 821 733 905 olympiadis
755 823 810 885 ter
834 840 933 885 senos
957 816 1071 904 (senae
1094 825 1175 883 recte
1198 819 1265 883 82.
1290 817 1324 882 P
1332 817 1364 901 2)

1064 909 1221 973 venimus
1244 926 1397 972 annoas

334 998 459 1063 Omnia
482 999 717 1082 praetereunt,
741 997 836 1080 fugit
858 997 1089 1081 inreparabile
1112 1001 1258 1081 tempus,

334 1088 430 1165 Vive,
454 1087 531 1151 vale
556 1087 669 1150 laetus
691 1086 869 1169 tristisque
894 1091 1066 1152 memento
1091 1088 1259 1151 senectae.

249 1192 328 1261 dou
351 1191 507 1276 olympias
529 1212 598 1257 curn
621 1189 724 1274 spatio
746 1196 894 1272 quattuor
924 1212 1083 1257 annorum
1113 1192 1200 1272 apud
1227 1191 1365 1257 Graecos

244 1280 418 1363 conueniat,
436 1280 585 1365 plerique
607 1300 646 1344 eu
660 1279 717 1345 boe
732 1279 873 1345 carmine
889 1281 1115 1362 concluserunt,
1138 1279 1365 1345 Columbanum

247 1375 288 1434 72
313 1390 416 1434 annos
440 1375 513 1434 tunc
536 1374 648 1434 natura
669 1368 771 1447 fuisse
782 1369 802 1431 1.
846 1367 978 1434 Constat
998 1389 1071 1435 uero
1095 1391 1116 1433 a
1132 1367 1236 1451 poetis
1253 1368 1365 1434 latinis
1383 1373 1410 1428 ιο

244 1480 314 1524 earn
344 1479 406 1540 pro
436 1458 535 1522 lustro
569 1456 673 1541 accipi
705 1456 804 1522 sotere
813 1459 834 1539 ²,
869 1457 950 1522 sicut
983 1464 1149 1540 utrumque
1182 1457 1367 1540 coaequavit

243 1547 411 1613 Ausonius
436 1546 563 1628 XXII,
589 1552 618 1628 4,
645 1553 680 1611 6:

334 1655 418 1720 Fors
442 1655 519 1733 erit,
543 1658 594 1730 ut,
619 1654 767 1717 lustrum
793 1673 870 1717 cum
895 1674 931 1718 se
955 1653 1184 1719 cumulaverit
1206 1654 1292 1731 istis,

388 1743 593 1809 Confectum
616 1742 785 1806 Proculus
809 1742 924 1826 signet
947 1743 1187 1828 olympiadem,

244 1870 337 1933 eoque
359 1852 451 1915 ruodo
473 1856 503 1915 et
529 1847 756 1914 Octuubonunr
773 1854 901 1930 poetam
923 1847 1149 1934 interpretatus
1178 1854 1223 1913 est
1244 1847 1364 1914 Mobil-
1383 1869 1409 1908 a

244 1938 380 2005 tonius³.
428 1937 574 2004 Nectite
597 1957 721 2002 errasse
743 1935 824 2001 utut
846 1936 980 2014 uidetur,
1012 1936 1078 2001 nisi
1100 1939 1184 2019 quod
1208 1941 1247 2000 18
1272 1937 1364 2020 olpou

237 2027 355 2110 piades
379 2028 497 2110 plenos
520 2027 628 2108 lapsas
657 2047 722 2090 esse
752 2025 895 2106 eredidit,
926 2027 1001 2090 duro
1030 2027 1068 2091 de
1096 2025 1192 2090 initio
1221 2025 1364 2091 duodeui-

244 2116 377 2183 cesimoe
411 2116 528 2198 apitur,
563 2136 644 2197 quae
677 2114 762 2180 inter
792 2137 822 2179 o.
854 2120 985 2178 86-90
1015 2114 1157 2180 uertitur.
1212 2115 1365 2180 Sanctum

244 2204 344 2288 ipitur
366 2203 540 2270 verisimile
561 2209 607 2268 est
626 2204 725 2287 paulo
748 2208 822 2268 onte
844 2225 875 2267 a.
901 2208 976 2267 530.
1001 2209 1111 2267 notura
1134 2223 1208 2268 esse.

151 2325 186 2375 ’a
194 2327 228 2371 14.
352 2311 508 2374 *Tuumne
531 2308 671 2374 annium
693 2309 762 2389 fere
776 2329 884 2374 rerum
900 2309 1000 2374 tabem
1016 2308 1206 2391 ruinonrque
1223 2308 1365 2374 homines
1383 2305 1409 2370 so

245 2399 335 2465 iltius
357 2397 428 2464 oeci
451 2396 677 2480 importabant,
693 2417 884 2479 quoeunque
903 2399 1007 2464 ocutos
1021 2397 1181 2479 condiat,
1198 2404 1233 2462 ut
1247 2397 1364 2462 nrirurn

245 2487 383 2568 nonsit,
407 2488 491 2569 quod
511 2488 609 2567 fineen
631 2485 744 2552 muudi
766 2487 1024 2570 appropinquare
1048 2488 1246 2552 credebant⁴.
1287 2485 1364 2552 Uon-

243 2576 340 2657 fessio
374 2582 479 2641 autern
513 2582 543 2642 et
568 2574 770 2658 paenitentia
805 2574 997 2642 Columbauo
1025 2575 1234 2657 praedicante
1267 2583 1365 2640 morte

245 2664 383 2731 liberant
416 2671 509 2747 atque
541 2666 590 2730 oet
618 2684 727 2748 paruo
751 2671 885 2746 peccota
919 2664 1065 2745 confiteri
1098 2686 1175 2746 opus
1208 2670 1262 2729 est.
1319 2665 1365 2730 In

249 2753 368 2821 Galliis
390 2774 523 2836 eousque
552 2774 694 2819 excessus
723 2759 848 2818 tanturn
876 2753 1042 2837 probiores
1072 2751 1246 2835 disciplina
1276 2753 1364 2818 eccie-
1382 2748 1409 2814 a

244 2843 376 2909 siostico
397 2842 653 2922 vindicabantur,
677 2841 725 2907 ita
751 2848 786 2906 ut
808 2849 988 2923 peccatores
1018 2841 1365 2908 excommunicarentur

243 2933 391 3015 factaque
413 2930 617 3015 paenitentia
642 2929 833 3014 publicato
862 2931 1109 2996 cornmnnionern
1138 2930 1362 3013 reciperentur.

243 3021 418 3087 Menochia
440 3041 513 3086 uero
536 3018 651 3101 ubique
673 3019 721 3083 oet
742 3019 918 3085 minutiora
937 3026 1067 3104 peccata
1090 3041 1157 3086 una
1184 3041 1253 3084 curn
1283 3019 1364 3101 apsis

128 3121 132 3127 '
244 3109 485 3193 capitationibus
507 3107 628 3175 seniori
650 3109 752 3174 actare
775 3129 840 3173 non
863 3105 982 3190 licebat,
1005 3128 1101 3189 eaque
1116 3129 1212 3190 quani
1227 3109 1364 3173 macine
1458 3151 1463 3157 -

207 3276 212 3285 ,
244 3201 385 3264 cavenda
414 3204 515 3278 erant,
550 3218 628 3262 narn
656 3202 692 3261 ut
719 3196 896 3285 maioribus
924 3196 1077 3278 certisque
1107 3196 1210 3281 culpis
1238 3203 1364 3262 sanctos
1382 3218 1410 3258 ro

243 3288 405 3352 cantore
427 3307 492 3351 non
521 3286 603 3350 natet
633 3284 786 3367 diabotus,
817 3285 865 3350 ita
894 3285 1071 3350 minoribus
1099 3285 1284 3367 occultisque
1313 3306 1363 3350 eos

237 3374 380 3457 poliuere
403 3376 504 3440 studet
513 3375 533 3438 ⁵.
588 3372 666 3439 Oum
692 3379 757 3438 tota
781 3374 955 3439 Scottorum
984 3373 1115 3440 ecclesio
1144 3395 1229 3439 urere
1259 3395 1362 3439 coeno

244 3461 324 3528 bioti
346 3462 492 3528 instituto
515 3467 602 3542 esset,
626 3460 721 3526 etiarn
744 3461 879 3542 priuato
907 3463 984 3530 baec
1013 3463 1185 3543 confitendi
1214 3461 1297 3527 ratio
1326 3461 1364 3526 in

243 3572 335 3616 usum
368 3556 491 3633 recepta
525 3556 579 3631 eet,
615 3556 707 3632 atque
742 3549 953 3617 Columbanus
987 3555 1128 3634 eundern,
1162 3550 1245 3617 naut
1277 3551 1365 3633 opud

243 3639 434 3725 mapistros⁶
456 3659 530 3703 suos
545 3638 738 3704 Hibernicos
760 3638 882 3705 usitata
897 3647 974 3723 erot,
998 3641 1036 3706 in
1057 3639 1200 3706 Galliam
1216 3639 1362 3704 ltaliam-
1382 3639 1409 3701 a

243 3749 301 3810 oue
330 3727 518 3809 introducit,
556 3729 639 3791 unde
670 3727 736 3808 ipse
765 3727 847 3793 iusto
876 3729 946 3794 iure
975 3729 1067 3794 leodic
1099 3728 1263 3794 institutor
1295 3750 1362 3794 con-

244 3922 270 3988 1)
297 3920 333 3974 Ε.
357 3936 400 3986 pr.
426 3918 516 3984 Ebert,
544 3918 644 3969 ‘Gescn
670 3920 696 3973 d.
721 3920 896 3975 christi-lot.
923 3921 1077 3973 Ltterotur’
1096 3922 1120 3986 I,
1140 3920 1224 3984 621²;
1253 3921 1360 3986 Houotc,

242 3989 465 4056 ‘Kircbenpescbl
484 3991 507 4054 I,
525 4007 552 4057 p.
567 3988 652 4051 5842·
677 3992 711 4054 cf.
730 4007 756 4057 p.
771 3990 847 4046 600³.
928 3993 955 4057 2)
979 3993 1061 4044 Locos
1085 3994 1176 4044 citauit
1193 3991 1363 4044 Forcetttuus

241 4077 263 4116 s.
282 4079 304 4115 v.
324 4063 462 4127 olympios.
517 4064 545 4128 3)
566 4062 688 4113 Annales
707 4062 763 4116 ord.
784 4063 811 4116 S.
828 4063 964 4115 Benedicti
978 4063 1001 4128 I,
1016 4081 1046 4130 p.
1059 4065 1119 4118 308.
1174 4064 1202 4129 4)
1221 4063 1260 4128 Οἵ.
1283 4061 1360 4127 Grec.

242 4133 281 4184 Μ.
300 4133 362 4197 Rea.
379 4133 431 4195 IX,
445 4135 497 4188 232
515 4135 553 4197 (a.
567 4134 641 4195 599),
659 4131 743 4199 taffo,
762 4133 825 4199 Bep.
845 4133 989 4194 u.1759²‚·
1008 4134 1166 4186 Cotrtmboni
1182 4151 1220 4201 ep.
1241 4151 1266 4188 o.
1280 4136 1361 4200 6121‘3
1380 4141 1409 4181 40

242 4203 318 4270 (Ma.
331 4204 383 4270 Ep,
395 4202 451 4263 III,
466 4219 496 4270 p.
510 4206 591 4269 171):
609 4202 730 4256 Mundus
742 4203 797 4255 iam
811 4203 939 4272 declinat,
958 4203 1084 4272 princeps
1101 4209 1243 4272 pastorum
1263 4220 1361 4271 appro-

241 4274 423 4398 p'rpprppbtbnug
436 4274 530 4398 {pmtv'fit
547 4275 808 4415 agotppbffi}
829 4277 909 4401 1596)
931 4276 988 4327 Eos
1006 4281 1029 4327 et
1047 4279 1175 4344 inprimis
1193 4277 1361 4327 Veunianom

530 4385 538 4412 r
616 4385 889 4412 ·····
