2978 4928
223 413 277 467 296
463 409 588 479 IONAS,
602 409 698 464 VITA
711 409 899 464 VEDASTIS
918 409 1100 465 EPISGOPI.

223 592 307 658 time
337 592 543 659 Oblodoueclii
566 574 793 672 Alamannici,
824 613 919 673 quam
949 594 1037 673 apud
1063 590 1260 672 Greporium,
1293 591 1341 653 H.

110 708 201 757 uuo.
222 682 282 746 Fr.
299 683 352 762 II,
370 689 422 763 30,
447 679 573 764 *prorum
589 682 757 764 olilipentcr
771 683 897 763 leperat,
921 701 1059 761 enorsus,
1075 680 1198 744 incerta
1217 685 1342 744 tantum

221 770 313 849 faura
336 771 453 836 nititur
475 778 568 853 atque
591 772 628 836 ile
651 772 743 835 rebus
766 793 787 835 a
811 770 942 834 Vedaste
962 769 1058 850 pestis
1082 774 1213 849 praeter
1230 790 1342 849 pauca

220 859 379 925 miraculo
401 860 457 924 oin
479 860 647 941 quicquam
670 865 857 940 compertum
880 858 1000 923 babuit.
1048 857 1220 922 Praeterea
1247 857 1342 921 telam

220 969 312 1013 suam
335 955 401 1013 tam
423 949 542 1030 raptim
566 948 730 1026 contexuit,
760 954 797 1011 ut
818 949 901 1028 quod
929 946 967 1010 in
990 944 1196 1026 praefatione
1219 946 1340 1027 promi·
1361 972 1376 1010 3

220 1043 314 1116 serat,
338 1037 376 1101 iel
396 1058 553 1102 enarrare
569 1037 697 1101 omnino
713 1036 827 1100 oblitus
841 1035 892 1116 sit,
916 1034 1034 1100 scilicet
1049 1034 1205 1116 oripinem
1223 1034 1338 1115 sancti,

219 1132 400 1206 quantaque
415 1125 621 1205 festinatione
636 1128 681 1190 acl
694 1128 791 1205 finem
808 1123 1037 1206 properaverit,
1053 1124 1101 1187 oel
1116 1144 1155 1187 en
1169 1122 1340 1188 elocutione

219 1213 412 1295 intellepitur
440 1214 586 1299 impolita
619 1221 712 1296 atque
739 1214 825 1278 rudi.
883 1214 937 1278 Eo
970 1213 1096 1277 ratione
1126 1213 1162 1275 V.
1194 1212 1340 1276 Veclastis

219 1323 289 1366 cum
322 1303 425 1367 altera
462 1306 567 1368 coelem
600 1309 740 1383 auctore,
776 1301 938 1366 Iohannis
972 1301 1090 1366 scilicet
1122 1300 1338 1381 Reomaeusis,

220 1394 437 1473 comparanda
460 1399 513 1472 est,
538 1399 567 1457 et
587 1393 724 1472 fortasse
747 1392 899 1454 ambabus
922 1389 1011 1472 oripo
1029 1396 1075 1454 est
1089 1389 1224 1454 similis:
1246 1390 1339 1453 Atre·
1360 1417 1389 1455 ιο

219 1479 369 1561 batenses,
393 1487 429 1544 ut
443 1487 555 1562 postea
571 1481 789 1559 Ramnenses,
814 1481 853 1544 ab
872 1480 997 1543 aoloena
1015 1479 1151 1543 litterato
1165 1478 1337 1560 petierant,

218 1575 254 1632 ut
285 1569 469 1634 memoriam
493 1591 597 1650 paene
627 1569 836 1633 oblitteratam
859 1567 994 1649 patroni
1022 1567 1159 1648 posteris
1188 1569 1337 1631 traderet.

218 1656 270 1721 De
298 1657 356 1722 boc
383 1664 553 1739 praeterea
581 1657 665 1722 nibil
687 1656 840 1721 traditum
863 1678 962 1738 neque
989 1656 1057 1720 eius
1085 1677 1199 1720 nomen
1227 1655 1339 1736 priori

218 1746 449 1828 Martprolopii
463 1746 716 1828 Hieronpmiaui
738 1745 915 1810 recensioni
937 1745 1132 1826 arlscmptum
1155 1751 1218 1825 est;
1236 1751 1338 1826 poste·

217 1833 316 1898 rioris
338 1841 442 1900 antem
465 1834 583 1900 codices
602 1834 723 1916 sinpuli
744 1835 830 1899 inter
844 1856 877 1899 se
891 1834 1023 1899 minime
1038 1833 1235 1913 conueniunt,
1260 1856 1338 1899 nane
1359 1861 1386 1899 15

218 1922 286 1988 dies
320 1931 349 1988 6.
374 1923 551 1989 Februarii
584 1924 622 1988 in
656 1923 759 1989 coelice
794 1923 956 1988 Beruensi
990 1943 1080 1987 sacer
1113 1929 1158 1986 est
1192 1924 1338 1988 Vedasti

218 2014 369 2096 episcopi
380 2014 400 2090 1,
426 2015 499 2077 ilum
521 2020 549 2076 1.
571 2012 712 2078 Octobris
729 2012 766 2076 in
788 2011 1082 2093 Weissenburpensi
1100 2011 1167 2075 eius
1186 2011 1338 2092 depositio

210 2108 286 2182 post
307 2101 487 2184 Remipium
517 2107 775 2167 commemoratur
796 2103 862 2164 ita:
892 2102 935 2164 In
958 2101 1141 2165 Adravebis
1166 2102 1336 2184 depositio

217 2189 312 2254 beati
328 2191 471 2255 Vedasbi
495 2192 647 2275 episcopi
675 2196 710 2255 et
734 2191 937 2254 confessoris
948 2192 969 2267 ²,
1001 2189 1072 2254 licet
1101 2189 1271 2254 translatio
1302 2211 1336 2254 eo

216 2277 285 2359 ipso
308 2278 359 2343 elie
375 2285 486 2360 postea
510 2279 728 2343 celebraretur.
1356 2305 1385 2343 eo

106 2429 196 2477 pios.
323 2399 491 2466 *Verlastes
515 2402 551 2466 in
581 2403 710 2467 ecclesia
737 2402 857 2467 maiore
879 2402 1083 2467 Atrebatensi
1112 2403 1250 2484 sepultus
1280 2410 1333 2483 est,

216 2490 360 2572 quamvis
382 2497 473 2555 entra
495 2512 603 2555 muros
626 2491 764 2556 ciuitatis
793 2491 985 2572 requiescere
1013 2493 1185 2571 maluisset,
1217 2491 1336 2556 scilicet

216 2579 252 2643 in
286 2580 442 2661 oratorio,
478 2583 561 2661 quod
594 2582 638 2644 uel
677 2579 856 2644 Oriencium
890 2580 1056 2658 [luciolum
1090 2580 1185 2644 situm
1220 2579 1336 2661 lipneis

216 2667 332 2733 tabulis
346 2667 414 2749 ipse
429 2675 658 2733 construxerat.
693 2668 760 2734 Hic
775 2676 887 2748 autem,
904 2668 940 2732 in
955 2668 1103 2734 suburbio
1119 2668 1332 2747 Atrebatensi,

215 2756 441 2821 monasterium
464 2757 697 2822 celeberrimum
713 2764 825 2839 postea
848 2758 991 2837 florebat,
1016 2756 1084 2821 eius
1102 2757 1226 2822 nomini
1250 2758 1333 2821 deeli-
1355 2783 1381 2822 33

215 2853 329 2927 catum,
353 2848 437 2927 quoa
457 2869 488 2911 a.
507 2851 537 2909 7.
565 2846 755 2912 Theoderici
777 2845 870 2928 repis,
895 2845 917 2910 i.
942 2867 966 2910 e.
993 2852 1067 2910 679.
1086 2868 1121 2927 p.
1146 2846 1232 2925 buu,
1265 2867 1333 2911 con-

216 2935 316 3000 ditum
354 2956 418 2999 3333
456 2935 629 3000 monachus
663 2935 853 3001 Veolastiuus
887 2957 912 3001 3.
944 2957 974 3000 o·
1007 2941 1082 2998 839.
1122 2935 1331 3013 affirmauit?

215 3024 320 3089 Locus
350 3047 371 3089 a
400 3024 609 3108 scriptoribus
639 3024 816 3089 clomesticis
840 3023 1028 3089 Nobiliacus
1057 3025 1234 3105 appellatus
1266 3023 1333 3088 iam

215 3133 295 3178 saec.
313 3113 381 3178 IX.
405 3114 453 3177 ita
476 3120 663 3194 accreverat,
694 3120 729 3177 ut
757 3113 848 3178 urbis
877 3113 1027 3177 obsoletae
1056 3113 1183 3177 nomine
1216 3113 1333 3193 etipse

215 3203 430 3282 appellaretur
438 3203 458 3266 4.
514 3202 604 3268 Unde
633 3204 709 3266 urbs
738 3203 855 3287 cluplen
878 3208 986 3266 euorta
1017 3207 1080 3266 est:
1108 3201 1214 3265 maior
1242 3202 1333 3282 repia
1352 3226 1380 3264 eo

216 3287 274 3369 (la
289 3289 388 3371 uille')
404 3291 639 3372 monasterium,
663 3290 770 3355 minor
788 3290 974 3372 episcopalis
993 3289 1054 3371 (la
1069 3288 1155 3370 cite')
1171 3290 1332 3355 ecclesiam

214 3377 368 3443 maiorem
384 3376 417 3441 S.
434 3380 569 3445 Mariae
586 3379 725 3444 dicatam
740 3380 904 3460 ambiebat,
923 3386 1089 3460 utramque
1104 3386 1208 3443 autem
1223 3400 1333 3443 murus

215 3465 444 3548 6131339363ῑὸ.

105 3615 195 3664 min.
322 3589 488 3655 *Codicum
511 3591 602 3656 Vitae
624 3593 803 3657 vetustioris
816 3614 915 3675 penus
931 3599 976 3658 est
991 3594 1117 3677 duplex.
1156 3593 1233 3658 0333
1249 3593 1333 3657 enim

215 3677 417 3761 bioprapbus,
447 3683 532 3745 uncle
554 3688 682 3746 sanctus
704 3681 860 3764 oripinem
882 3681 1016 3763 eluxerit,
1047 3704 1080 3746 33
1106 3688 1333 3747 enarraturum
1352 3703 1378 3744 33

215 3787 279 3830 3333
303 3767 497 3849 promiserit,
533 3791 630 3851 neqrre
659 3770 696 3834 icl
722 3770 929 3852 praestiterit,
964 3770 1171 3852 interpolator
1193 3771 1226 3834 B
1252 3793 1333 3852 quac

216 4031 244 4099 1)
264 4031 324 4086 Ae.
344 4030 391 4084 SS.
410 4030 479 4083 Nou.
495 4031 535 4095 II,
550 4034 575 4096 1,
592 4050 621 4099 p,
637 4033 699 4101 [17],
772 4033 800 4102 2)
820 4034 863 4088 Ib.
881 4050 908 4099 p.
923 4033 1002 4102 [1281.
1062 4036 1089 4100 3)
1112 4035 1153 4099 Cf.
1174 4035 1333 4100 Catalopum

216 4102 341 4154 abbatum
357 4101 418 4166 (SS.
435 4101 518 4166 XIII,
535 4118 563 4168 p.
576 4106 650 4163 382).
705 4104 733 4172 4)
754 4104 794 4169 Of.
815 4106 844 4158 V.
863 4105 1070 4170 1733133330(Εᾶ
1087 4121 1142 4157 rer.
1159 4106 1258 4160 Meron.
1274 4105 1332 4169 III,

210 4190 241 4242 p.
254 4176 316 4239 426,
332 4175 349 4228 l.
363 4176 425 4234 32).’
438 4171 596 4225 Nobiliacus
607 4205 643 4212 -
656 4205 690 4212 —
702 4174 868 4242 procedente
880 4179 1004 4242 tempore
1017 4178 1073 4226 tum
1087 4175 1199 4243 insignis
1211 4175 1330 4245 effeetus,

215 4247 247 4296 ut
265 4245 339 4297 urbis
357 4243 475 4310 nomine,
501 4260 570 4311 quae
587 4243 642 4296 iam
667 4244 752 4297 ruinis
771 4246 952 4298 crebrioribus
970 4262 1056 4313 paene
1075 4247 1239 4315 obsolueret,
1258 4248 1331 4299 voci·
1349 4256 1377 4294 m

214 4318 297 4371 tetur.
369 4316 396 4384 5)
424 4316 467 4380 Cf.
486 4317 603 4382 Mortua,
625 4317 819 4384 Topoprapbia
835 4318 928 4370 circuli
945 4318 1125 4384 Buranudr'et,
1149 4319 1332 4381 Francosnrti

217 4389 294 4451 1654,
308 4405 338 4455 p.
353 4390 412 4444 195.
