2978 4928
311 1285 466 1383 VITA
502 1285 829 1384 IOHANNIS
861 1287 1148 1385 ABBATIS

501 1431 960 1530 REOMAENSIS.

265 1623 442 1706 *Iobaums
470 1641 698 1706 mouasteriuur
720 1641 756 1706 iu
784 1640 1017 1706 Teruoclcreusi
1039 1663 1126 1725 papo
1150 1640 1288 1707 ciuitates
1319 1681 1455 1731 mm,

170 1729 387 1813 Liuqoueusis
415 1729 500 1794 iuter
521 1729 784 1795 Hormeutioueru
813 1736 841 1794 et
864 1729 1017 1796 Sideuaru
1045 1730 1163 1808 fluuios
1192 1730 1288 1795 situm

133 1825 240 1884 serat
268 1819 341 1899 loco,
372 1818 428 1900 qui
458 1818 533 1883 olim
563 1818 723 1883 Reoruaus
751 1819 930 1883 uocabatur.
991 1819 1058 1884 Ubi
1085 1840 1156 1884 cum
1185 1819 1288 1884 Iouas

170 1908 268 1972 abbas
285 1906 364 1990 cqcli
387 1906 567 1972 Victoriam
584 1907 709 1989 repetiti
727 1929 758 1972 a.
778 1913 850 1987 100,
873 1906 897 1971 i.
917 1928 942 1971 e.
956 1928 992 1988 p.
1014 1906 1090 1972 Olor.
1110 1929 1142 1972 u.
1163 1929 1192 1971 a.
1211 1914 1285 1990 659,

168 2017 273 2060 rueuse
303 1995 483 2076 Nouembri,
514 1995 650 2077 itiueris,
680 1997 765 2077 quod
791 1994 974 2061 Ollotlcarii
1001 1995 1087 2076 repis
1115 1996 1287 2077 matrisque

169 2084 237 2149 eius
259 2084 437 2149 Baltlildis
459 2084 549 2149 iussu
578 2083 776 2150 Cabillonum
798 2083 945 2165 faciebat,
970 2083 1076 2148 labore
1098 2084 1202 2164 fessus
1222 2106 1286 2167 per

163 2194 287 2256 paucos
303 2172 370 2237 dies
381 2173 559 2255 quiesceret,
575 2173 717 2253 fratrum
726 2172 876 2255 precibus
887 2172 996 2253 uictus,
1013 2172 1117 2237 saucti
1132 2175 1286 2238 actualem

125 2283 151 2320 ιο
169 2261 267 2326 uitam
289 2261 525 2343 spiritalemque
543 2261 839 2344 couleuplatioueru,
864 2260 1021 2343 quidquid
1035 2281 1097 2342 pcr
1114 2261 1285 2343 disupulos
1373 2256 1378 2265 '

163 2357 365 2432 posterosque
403 2357 592 2432 compertum
629 2357 713 2431 erat,
757 2349 871 2415 titteris
907 2349 1073 2415 maudamt
1110 2349 1286 2432 librumque

169 2438 336 2504 Huuuam
357 2438 460 2521 ipsius
481 2438 668 2504 mouasterii
690 2438 798 2505 abbati
821 2438 949 2503 dicamt.

276 2527 440 2592 Iobauues
462 2549 496 2592 eo
526 2535 598 2593 teste
626 2527 664 2592 iu
686 2528 806 2608 simbus
832 2527 1081 2593 Teruodoreusis
1110 2527 1217 2609 castri,
1247 2528 1285 2594 iu

168 2615 247 2680 uilla
278 2637 359 2698 quae
393 2616 631 2698 Quartamacus
663 2617 834 2682 uocabatur
862 2619 907 2682 acl
934 2616 1115 2682 Brideuaru
1149 2617 1285 2696 fluuium

126 2725 151 2763 α
169 2705 232 2769 sita
267 2727 288 2769 α
318 2705 509 2787 pareutibus
542 2728 607 2770 uou
640 2705 838 2789 iquobilibus,
872 2712 967 2787 patre
1000 2705 1144 2787 Hilario,
1183 2712 1284 2770 matre

174 2793 286 2874 Quieta
320 2800 407 2859 ortus
440 2801 518 2876 crat,
553 2815 715 2877 auuosque
748 2794 874 2860 circiter
904 2801 945 2858 20
979 2801 1084 2875 uatus,
1112 2801 1284 2878 postquam

161 2902 359 2965 perparvum
388 2883 425 2946 iu
454 2883 559 2948 uatali
581 2884 645 2947 solo
668 2883 842 2948 oratorium
865 2882 1015 2963 coadidit,
1045 2883 1161 2947 saltum
1190 2881 1282 2964 adiit,

169 2991 258 3050 queru
274 2977 386 3052 postea
408 2971 633 3036 mouastcriuru
656 2973 834 3052 occupabat.
880 2971 1060 3035 Mouaclcos
1087 2992 1121 3035 eo
1143 2970 1283 3051 uuelique

169 3061 361 3137 couflueutes
382 3060 509 3142 repulae
532 3059 682 3140 subiecit,·
712 3066 864 3124 cresceute
886 3065 991 3124 autem
1013 3079 1119 3123 eorum
1141 3079 1281 3140 uumero,

123 3172 149 3208 α
168 3147 280 3212 ruelius
302 3146 364 3212 sibi
385 3147 456 3227 fore
478 3153 570 3212 ratus
591 3147 669 3212 aliis
692 3148 834 3213 oboedire
855 3168 951 3229 quam
974 3147 1144 3228 domiuum,
1175 3168 1281 3212 uacua·

168 3236 296 3301 sterium
320 3235 449 3318 reliquit
476 3242 505 3300 et
527 3239 572 3302 acl
593 3235 811 3317 reliqiosoruru
832 3257 933 3300 mores
956 3236 1138 3301 accuratius
1154 3236 1281 3318 perqui-

168 3329 282 3390 reudos
315 3325 472 3390 Leriuuur
505 3346 538 3390 se
572 3324 716 3406 statutt,
754 3324 809 3390 ubi
842 3323 1014 3406 disupliua
1047 3325 1207 3406 reputaris
1240 3324 1281 3389 ab

168 3415 335 3479 Houorato
357 3414 504 3479 iustituta
525 3413 695 3480 etiamtum
717 3414 860 3492 florebat.
906 3413 972 3480 Ubi
994 3435 1063 3479 auur
1080 3434 1141 3495 per
1159 3435 1281 3479 auuuru

168 3508 197 3566 et
213 3502 381 3567 dimidium
398 3502 578 3586 iucoqmtus
594 3502 756 3568 lumiliter
773 3502 926 3583 seruisset,
946 3504 986 3568 ab
1004 3503 1128 3567 adueua
1145 3503 1281 3584 quodam

123 3614 149 3652 u
167 3591 296 3673 aquitus
319 3598 349 3656 et
370 3614 391 3657 α
418 3591 573 3673 Greporio
596 3591 736 3674 episcopo
759 3591 958 3674 Ia'upoueusi
988 3593 1033 3657 ad
1053 3591 1281 3656 mouasteriuru

167 3680 348 3745 derelictum
365 3688 526 3746 reuocatus
545 3687 607 3746 est:
630 3681 712 3744 duas
729 3679 814 3744 euim
829 3679 884 3745 ille
901 3679 1052 3762 epistulas
1069 3702 1108 3745 ea
1126 3682 1164 3745 de
1182 3702 1281 3746 causa

166 3767 305 3850 miserat,
334 3791 433 3833 uuam
463 3772 508 3835 ad
536 3768 806 3851 couqreqatioueru
828 3768 1043 3850 Leriueuseru‚
1075 3771 1211 3835 alteram
1237 3771 1281 3833 ad

166 3864 309 3921 saucturu
343 3858 455 3939 ipsum.
508 3857 684 3941 Repressus
716 3857 837 3936 fratres
869 3859 914 3922 acl
945 3857 1094 3923 Masurii
1126 3859 1277 3941 copulam,

167 3947 329 4012 assisteute
351 3945 511 4011 Filouere
533 3946 694 4028 ruouaclco,
725 3946 885 4028 educabat,
915 3946 1033 4012 scilicet
1054 3952 1089 4010 ut
1111 3945 1280 4011 laboriosis

121 4058 148 4098 so
166 4035 311 4116 operibus
344 4033 442 4100 dediti
476 4036 545 4100 loca
577 4036 719 4100 saltuosa
753 4035 877 4100 cultura
910 4038 1077 4100 reddereut
1106 4033 1277 4113 fertiliora.

166 4124 322 4205 Exempla
343 4123 438 4188 istius
460 4123 580 4189 laboris
608 4123 644 4188 iu
666 4122 832 4188 miraculis
854 4122 1044 4204 afferuutur,
1074 4143 1155 4204 quae
1178 4127 1278 4203 poste·

165 4211 281 4277 morem
305 4212 396 4278 Vitae
411 4219 539 4294 partem
551 4211 753 4293 potissimum
772 4218 931 4293 occupaut,
955 4212 1060 4293 ibique
1079 4209 1174 4275 etiam
1193 4215 1277 4274 certa

45 4353 47 4358 ,
165 4305 338 4384 temporum
367 4300 490 4366 iusticia
519 4300 801 4382 deprebeucluutur,
831 4300 950 4366 scilicet
971 4298 1127 4365 Nicasius
1158 4296 1277 4363 ‘curam

165 4388 214 4452 rei
237 4390 384 4469 publicae
407 4389 650 4455 admiuistraus'
675 4387 712 4469 (c.
735 4387 796 4472 ll),
826 4388 896 4454 siue
918 4389 1013 4454 dubio
1036 4409 1135 4454 comes
1157 4386 1278 4452 castelli

216 4509 227 4548 1
229 4519 291 4550 ooooo
1064 4491 1099 4545 21
