2978 4928
408 406 535 476 IONAS,
549 407 669 463 VITAE
688 407 916 464 COLUMBANI
935 408 1044 467 LIBRI
1058 410 1098 468 II.
1277 415 1315 469 85

301 590 357 670 fol.
377 589 578 655 110-124‘.
602 591 639 655 V.
660 590 847 656 Columbani
865 612 934 655 cum
956 589 1090 671 epistula
1112 597 1142 656 ot
1163 593 1313 658 laterculo

196 678 332 759 capitum
363 679 439 743 libri
467 679 498 759 I,
533 678 589 760 qni
617 678 665 743 ita
694 678 811 744 desinit
839 678 921 743 sicut
948 678 986 742 in
1015 678 1047 742 A
1066 685 1102 759 2,
1138 680 1227 744 titulo
1258 687 1311 745 30.

196 767 305 831 addito
329 767 460 848 (nabei.·
482 768 603 831 Ailulfi
627 773 656 830 et
678 768 779 849 paulo
802 773 893 848 post:
923 771 958 833 eb
989 769 1031 832 de
1056 771 1312 834 constructione

197 857 297 920 Bobii
320 857 520 921 monasterii
543 860 579 920 eb
602 857 736 921 obitum
761 857 792 920 b.
817 852 869 939 v.),
901 861 931 920 et
958 855 1186 937 subscriptione
1216 864 1310 938 caret,

163 966 176 1005 s
301 944 356 1022 sol.
376 944 570 1008 liu—125.
594 944 778 1009 laterculum
800 943 938 1024 capitum
961 943 1013 1023 II,
1034 950 1150 1025 1—10,

302 1033 357 1111 fol.
376 1038 567 1097 125—127.
598 1033 635 1096 V.
659 1032 798 1098 Atbalae
822 1030 891 1112 (II,
911 1034 1029 1113 1-6),

301 1120 357 1200 sol.
377 1126 572 1186 127—130‘.
596 1122 632 1186 V.
656 1120 805 1186 Eustasii
829 1119 897 1202 (II,
916 1123 1052 1204 7-10).

194 1208 364 1292 Epistulae
392 1209 546 1290 praeviae
575 1211 683 1274 eadem
711 1230 792 1291 qnae
823 1209 861 1274 in
891 1208 959 1273 Aa
988 1209 1191 1291 praescripta
1219 1216 1312 1274 sunt:

196 1299 325 1383 Incipit
355 1299 525 1382 praciafflo
555 1296 610 1379 (de
638 1300 710 1362 viba
733 1298 939 1363 Columbani
960 1304 1073 1380 postea
1102 1296 1190 1380 add.)
1219 1306 1312 1380 alque

150 1409 176 1446 ιο
195 1387 290 1452 etiam
306 1386 518 1468 praescriptio
542 1392 642 1451 tentus
664 1408 734 1451 cuin
756 1389 861 1451 eodem
883 1386 964 1451 libro
987 1393 1133 1451 accurate
1156 1387 1309 1452 convenit.

194 1475 382 1539 Latercnlns
405 1474 481 1539 libri
504 1475 558 1539 ΙΙ.
582 1474 838 1556 praescriptione
867 1481 952 1540 caret
981 1481 1072 1556 atque
1095 1475 1190 1539 etiam
1213 1475 1311 1541 teutni

194 1564 307 1627 lemma
329 1562 451 1627 nnllnm
475 1563 583 1644 primo
605 1563 742 1627 inditum
765 1569 842 1643 erat,
867 1562 949 1628 sicul
969 1563 1007 1627 in
1029 1563 1104 1643 As,
1128 1565 1184 1628 sed
1198 1571 1311 1645 postea

196 1653 326 1735 Incipit
354 1653 427 1716 viba
456 1653 567 1716 sancti
596 1653 698 1716 Abale
726 1651 930 1733 praescripta
958 1658 1041 1715 snut.
1094 1651 1310 1733 Praescriptio

195 1739 309 1820 capitis
331 1740 363 1803 I.
387 1745 461 1803 ante
484 1740 575 1823 Ergo
598 1740 748 1804 collocata
770 1745 823 1818 est,
855 1739 1063 1804 consentiente
1091 1740 1205 1804 iterum
1229 1741 1309 1805 libro

148 1852 175 1890 ιε»
194 1828 226 1890 Α
239 1835 269 1893 2.
313 1826 459 1892 Alterius
487 1827 564 1892 libri
586 1826 692 1908 capita
715 1833 834 1890 7-10.
857 1834 1068 1892 numerantur
1092 1834 1194 1892 1-4.
1218 1836 1310 1910 atque

187 1915 457 1997 praescriptiones
479 1937 504 1980 c.
522 1921 552 1978 7.
572 1921 602 1979 et
624 1920 653 1978 8,
678 1915 909 1994 desiderantur,
932 1917 989 1980 sod
1007 1937 1033 1981 c.
1052 1922 1080 1978 7.
1097 1938 1138 1979 m.
1155 1917 1197 1980 al.
1215 1938 1310 1997 prae·

193 2004 329 2085 scripsit,
360 2003 463 2068 erasis
491 2003 567 2067 aliis
596 2002 717 2068 verbis:
750 2004 880 2087 Incipit
915 2005 957 2068 de
988 2009 1108 2069 sancto
1137 2005 1307 2081 Eustasio,

193 2095 359 2173 eademque
388 2091 644 2172 subscriptionem
673 2091 800 2156 addidit
830 2092 931 2156 banc:
960 2093 1112 2176 Explicit
1141 2094 1213 2156 viba
1243 2090 1308 2168 s‘cis

194 2180 271 2261 (sic)
295 2181 455 2244 Eustasii.

148 2294 175 2333 io
306 2268 408 2334 Ooden
423 2290 439 2333 e
454 2269 577 2333 dnobus
589 2268 738 2350 partibus
752 2275 881 2348 constat,
905 2268 1048 2349 equibus
1064 2269 1160 2350 prior
1175 2276 1309 2350 patrum

193 2357 472 2423 ecelesiasticorum
501 2357 652 2440 opuscula
682 2357 846 2423 continens
879 2378 959 2422 saec.
986 2354 1053 2420 XI.
1083 2364 1219 2423 exarata
1253 2364 1307 2422 est.

193 2446 412 2526 Posteriorem,
444 2448 481 2510 de
503 2467 567 2527 qua
590 2445 642 2510 bic
663 2445 787 2527 apitur,
811 2446 935 2510 saeculo
960 2445 1004 2509 X.
1029 2452 1140 2510 temere
1162 2445 1310 2511 attribuit
1351 2472 1354 2478 ’

193 2535 232 2599 L.
257 2535 303 2599 H.
327 2536 482 2599 Labande
522 2534 679 2616 catalopil
719 2540 837 2614 auctor,
879 2534 915 2598 in
954 2534 1109 2599 ueteribus
1141 2533 1309 2616 scripturis

193 2623 410 2688 diiudicandis
437 2644 557 2704 parum
589 2629 740 2703 vorsatus,
775 2643 873 2703 neque
904 2623 950 2687 H.
975 2623 1011 2688 J.
1035 2623 1167 2687 Laiolor
1194 2645 1230 2704 p.
1256 2622 1307 2704 13,

147 2735 174 2774 is
193 2733 273 2776 saec.
299 2712 448 2776 X—XI.
473 2712 520 2776 ael
542 2710 685 2792 priorem
707 2732 788 2776 saec.
814 2711 880 2775 XI.
898 2718 1025 2793 partem
1048 2718 1248 2793 anteponens,
1272 2711 1309 2775 in

193 2807 308 2865 rectam
324 2807 408 2864 olam
423 2799 527 2879 rediit,
546 2821 622 2864 nam
638 2799 813 2881 scripturae
831 2800 985 2880 specimen
1000 2802 1083 2881 quod
1097 2799 1214 2865 adiecit
1229 2797 1307 2878 (tab.

194 2889 267 2971 IX)
288 2910 327 2953 ne
346 2888 525 2954 duodecimo
540 2887 665 2969 auidam
683 2889 806 2953 saeculo
823 2888 956 2954 attribui
968 2895 1071 2969 potest
1088 2887 1154 2952 nisi
1171 2887 1307 2953 enennti.

298 2978 406 3058 Aia)
443 2976 546 3042 Oodeu
576 2976 775 3041 bibliothecae
804 2976 910 3057 repiae
939 2975 1308 3057 Rapui-Comitum

196 3065 239 3141 X,
257 3071 298 3128 73
323 3064 435 3146 (antea
458 3086 490 3129 u.
508 3066 599 3148 284),
630 3064 704 3129 olim
727 3065 761 3130 S.
785 3064 925 3144 Bertiui,
956 3085 1036 3129 saec.
1063 3063 1129 3144 XI,
1160 3063 1212 3128 cui
1235 3069 1310 3143 post

147 3177 174 3216 ³0
193 3153 372 3235 arpnmcnti
400 3152 609 3217 summarium
637 3174 736 3216 mann
766 3152 899 3233 antiqua
921 3158 1087 3217 exaratum
1111 3148 1181 3231 (sol.
1202 3153 1236 3234 1)
1260 3151 1307 3215 in·

191 3249 267 3306 sunt
286 3243 381 3307 baec:
859 3256 862 3260 “

299 3330 354 3409 sol.
374 3329 513 3394 1‘-12‘.
536 3329 678 3395 libellus
696 3331 733 3394 de
749 3328 897 3394 Imutasii
915 3335 1007 3410 atque
1024 3327 1219 3394 Waldeberti
1237 3329 1306 3393 abb.

192 3420 314 3483 Lunai.
349 3418 516 3483 uirtutibus
549 3425 676 3484 auctore
708 3418 846 3497 Adsone,
884 3439 973 3499 auem
1007 3417 1063 3482 boc
1096 3416 1198 3482 codice
1231 3438 1309 3482 usus

192 3507 292 3573 edidit
319 3508 355 3573 Ο.
379 3508 646 3590 Holder-Epper,
672 3507 732 3572 SS.
759 3507 838 3585 XV,
857 3528 890 3587 p.
912 3507 1020 3587 11712,

147 3619 173 3659 is
299 3597 354 3676 sol.
375 3597 536 3659 13‘-16‘.
568 3597 604 3661 V.
628 3594 777 3660 Eustasii
804 3595 869 3676 (II,
889 3594 977 3676 7sq.)
1008 3616 1077 3659 cnm
1103 3593 1308 3675 praefatione

191 3684 395 3768 interpolata,
434 3684 490 3748 sed
525 3683 732 3765 quaternione
768 3683 926 3769 deperdito
960 3689 1061 3748 tectus
1093 3684 1180 3747 ultra
1213 3683 1309 3747 cerba

145 3797 147 3801 ·
191 3775 333 3838 vidisset
356 3774 555 3838 Eustasium
580 3770 647 3853 (II,
664 3770 697 3854 8)
722 3793 787 3837 nou
805 3771 960 3855 peruenit,

299 3861 532 3940 fol.17-52‘.
564 3861 601 3926 V.
630 3860 818 3926 Oolnmbani
839 3882 907 3925 nna
930 3881 1000 3926 cnm
1022 3859 1226 3941 carminibus,
1255 3859 1311 3923 sed

192 3953 307 4032 ubsque
329 3950 479 4015 laterculo
501 3949 649 4030 capitum,

146 4063 174 4101 io
298 4039 355 4118 fol.
373 4044 537 4102 53—58‘.
570 4038 607 4101 V.
630 4037 770 4102 Atlalae
794 4033 860 4118 (H,
880 4035 996 4120 1—6),

194 4214 220 4279 l)
248 4212 402 4279 ‘Gaiumque
417 4209 528 4279 plnirol
545 4212 590 4264 des
607 4227 669 4265 mss.
687 4211 732 4263 dos
749 4209 819 4278 dipl
834 4210 895 4262 XX
899 4211 962 4276 VII,
977 4229 1005 4278 p.
1021 4213 1080 4266 182.
1153 4211 1181 4276 2)
1204 4209 1311 4262 Adsoni

192 4298 332 4349 copnomen
350 4281 516 4336 Haimiricus
535 4281 732 4335 attribuendum
749 4289 795 4347 est,
821 4283 889 4333 sicut
913 4281 1043 4333 codicibus
1067 4285 1090 4333 o
1108 4281 1133 4332 A
1144 4282 1178 4336 2a
1202 4285 1225 4330 a
1243 4279 1269 4332 B
1280 4281 1309 4334 lc

192 4354 313 4419 (Loulor
326 4371 356 4420 p.
371 4357 418 4420 10)
436 4352 632 4422 comprabatur,
654 4369 735 4420 nique
753 4351 932 4416 HermiricuS,
951 4352 1066 4420 quadiu
1083 4351 1193 4403 editione
1211 4350 1309 4415 lepitur

189 4423 251 4491 (SS.
271 4424 334 4490 XV,
349 4440 377 4491 p.
392 4427 470 4492 1171,
489 4426 505 4479 l.
519 4427 574 4491 20).
