2978 4928
159 374 195 427 14
372 367 498 436 IONAS,
509 367 631 423 VITAE
649 366 861 423 COLUMBAN
863 365 878 422 1
895 367 1004 423 LIBRI
1021 366 1061 425 IL

156 552 226 618 iam
248 550 448 631 refectorium
470 549 634 632 inpressus
655 556 734 630 erat,
758 571 829 615 cum
843 548 1039 615 terribilibus
1056 549 1160 615 sancti
1183 549 1260 616 tlict'
1235 556 1278 615 trs

158 643 204 706 aol
224 641 417 705 redeundum
439 645 607 704 commotus
629 644 682 704 est.
662 637 955 704 tPericulum
941 637 1112 703 imminens
1133 645 1169 702 ut
1190 660 1276 704 aner·

157 735 236 794 teret
262 728 384 810 sibique
413 729 594 808 consideret,
573 733 777 826 tanpurem
806 726 966 806 nefastum
995 748 1033 792 ea
1062 748 1126 827 qua
1147 734 1278 793 uenerat

157 817 213 882 uia
235 838 376 883 remeare
397 816 568 897 maluisset,
592 815 660 880 uisi
681 815 736 880 ille
758 815 971 897 pertinaciter
992 815 1164 897 restitisset,
1188 838 1276 882 num-

156 927 253 988 quam
275 927 336 971 sua
357 911 466 988 sponte
494 904 687 969 monasterio
716 925 749 968 se
778 925 977 986 opressurum
1010 925 1075 969 esse
1108 905 1310 986 spondenss

157 995 295 1060 Maturo
316 993 417 1076 ipitur
438 993 571 1059 consilio
589 992 746 1058 sententia
760 992 896 1058 dicenda
910 998 988 1074 erat,
1013 1014 1053 1057 ne
1067 991 1104 1058 in
1119 999 1277 1058 auctorem

156 1083 217 1149 illa
240 1082 399 1163 recideret,
430 1089 458 1147 et
479 1081 609 1147 interim
637 1081 675 1145 iu
704 1080 853 1163 oppidum
875 1080 1117 1147 Vesontionense
1140 1084 1185 1147 ad
1205 1103 1277 1146 euu-

157 1172 291 1237 landum
305 1177 450 1236 sanctum
457 1170 596 1255 perduci
609 1169 712 1234 cisum
727 1176 780 1235 est.
820 1168 1039 1235 (tomitabatur
1053 1177 1157 1235 autem
1170 1170 1277 1254 ipsum

158 1259 305 1324 minister
338 1259 428 1325 cetius
461 1279 561 1341 supra
592 1258 722 1324 memini
750 1258 927 1323 Domoalis.
986 1258 1065 1323 Οιιηι
1098 1258 1197 1324 nullis
1229 1258 1277 1324 ibi

159 1347 309 1414 mestocliis
346 1347 598 1413 circumdaretur
633 1347 865 1429 molestiamque
901 1347 1024 1412 nnllam
1062 1370 1083 1412 a
1121 1369 1276 1429 quicquam
1296 1375 1323 1414 ιο

152 1442 329 1521 pateretur,
357 1457 486 1518 suumne
507 1442 641 1501 montem
664 1437 845 1517 ascendens,
875 1435 962 1501 uiam
984 1438 1029 1501 ad
1049 1435 1277 1501 monasterinm

158 1525 313 1591 redeundi
335 1548 357 1590 a
379 1525 466 1590 nullo
489 1524 639 1606 impediri
655 1524 782 1606 uideret,
805 1526 883 1589 urbe
898 1523 1009 1590 relicta
1024 1527 1149 1590 domum
1171 1524 1275 1590 rediit.

162 1615 255 1696 Quod
275 1635 345 1678 cum
372 1613 588 1679 Theodericus
610 1621 702 1695 atque
720 1612 954 1698 ¹Brnnecbildis
977 1613 1149 1695 audissent,
1177 1613 1277 1679 missa

158 1702 295 1768 militnm
317 1703 440 1768 cohorte
470 1724 540 1767 eum
562 1701 599 1768 in
621 1701 752 1768 erilium
780 1701 924 1768 reuocari
952 1701 1121 1784 iusserunt,
1151 1702 1276 1784 illisque
1333 1723 1337 1730 ·

157 1791 279 1871 infecta
308 1812 344 1856 re
372 1791 583 1872 redeuntibus,
618 1790 700 1857 alios
728 1790 893 1871 miserunt,
927 1790 983 1872 aui
1013 1813 1083 1856 eum
1112 1812 1151 1856 eu
1178 1812 1276 1874 repno
1296 1819 1323 1858 ιο

154 1882 283 1964 pulsum
306 1880 342 1945 in
358 1880 507 1964 patriam
529 1879 713 1962 diriperent.
757 1879 943 1946 Oustoclibns
958 1879 1187 1945 instantissime
1200 1901 1275 1963 pre·

156 1969 311 2051 cantibus,
345 1975 382 2033 ut
411 1968 486 2034 inde
514 1971 678 2050 recederet,
712 1968 779 2051 ipse
811 1967 982 2034 immobilis
1007 1968 1209 2052 persistebat,
1243 1990 1276 2034 se

157 2078 330 2139 numquam
359 2057 569 2123 discessurum
599 2064 736 2137 testatus,
767 2057 834 2122 nisi
863 2056 895 2122 oi
925 2057 1169 2122 abstraheretur.
1215 2057 1276 2122 Illi

155 2146 280 2228 pemino
303 2145 415 2212 vallati
430 2147 586 2230 periculo,
611 2168 681 2212 cnm
704 2145 785 2211 olicto
808 2167 872 2210 nan
888 2153 1044 2230 parentes
1060 2145 1171 2210 mortis
1189 2145 1275 2230 peri-

156 2236 261 2299 culmn
276 2234 479 2300 incurrerent
491 2241 660 2316 sanctoque
674 2234 739 2298 uim
753 2234 878 2314 inferre
892 2241 1084 2316 uererentur,
1108 2236 1153 2299 acl
1173 2234 1276 2316 ipsium
1294 2264 1322 2303 so

155 2344 262 2404 penna
283 2322 456 2407 provoluti,
485 2323 612 2388 ueniam
636 2325 793 2404 petebant,
823 2323 936 2405 quibus
965 2323 1050 2405 repis
1071 2322 1204 2405 imperio
1227 2324 1275 2388 ab·

156 2412 396 2494 temperandum
419 2418 505 2476 esset.
547 2413 636 2476 Tunc
654 2413 777 2476 minum
793 2419 931 2494 sanctus,
955 2434 995 2477 ne
1012 2411 1172 2477 ministris
1190 2411 1275 2495 peri·

156 2501 261 2564 culum
275 2499 404 2581 faceret,
424 2499 618 2565 severitatem
633 2521 725 2565 suam
739 2500 870 2582 remisit,
890 2500 1068 2582 cunctisque
1083 2500 1275 2566 eiulantibus

157 2595 250 2669 atque
272 2588 494 2668 maerentibus,
518 2610 534 2653 e
555 2589 747 2655 monasterio
769 2589 869 2655 cessit.
908 2591 964 2654 Ec
985 2589 1145 2669 fratribus
1166 2589 1195 2654 ii
1214 2589 1275 2654 soli

157 2698 227 2741 eum
261 2677 349 2758 sequi
378 2677 532 2761 permissi
561 2685 644 2759 sunt,
679 2678 735 2760 qui
766 2678 803 2743 iu
836 2678 1027 2744 Britanniis
1060 2678 1131 2743 nuti
1164 2684 1276 2760 erant,·
1294 2702 1322 2741 ss

156 2765 295 2846 reliquos
323 2765 360 2830 iu
389 2765 508 2831 Galliis
537 2772 620 2832 ortos
649 2788 706 2832 ren
728 2788 892 2833 remanere
914 2767 1062 2832 iusserat.
1108 2767 1146 2832 Is
1173 2766 1276 2849 ipitur

156 2852 227 2917 iure
249 2874 306 2918 suo
328 2856 482 2937 utebatur,
506 2855 618 2936 utqui
633 2877 748 2941 pacem
766 2855 930 2940 publicam
953 2857 1134 2921 turbassent
1154 2855 1275 2936 sibique

155 2941 314 3015 molestias
340 2943 572 3008 contraxissent
595 2944 783 3027 pereprinos
812 2967 828 3010 e
856 2945 977 3025 finibus
1006 2944 1074 3009 suis
1095 2950 1274 3009 removeret.

155 3030 254 3096 Anno
283 3030 437 3114 uicesimo,
463 3039 634 3115 postquam
662 3033 698 3098 iu
721 3034 841 3098 deserto
864 3032 981 3115 Vosapi
1003 3034 1104 3098 saltus
1126 3032 1273 3113 consedit,

154 3119 178 3184 i.
202 3142 228 3185 e.
252 3143 283 3184 a.
301 3125 375 3184 610.
403 3143 442 3205 p.
471 3121 558 3203 oon,
593 3121 807 3188 Columbanus
840 3121 1019 3187 ucstotlibus
1052 3121 1150 3204 repiis
1183 3121 1274 3186 comi-
1294 3145 1321 3186 so

153 3209 297 3274 tontibus
320 3211 364 3274 acl
385 3212 631 3275 Namnetensem
661 3211 809 3277 minatus
842 3216 888 3275 est
915 3217 1052 3292 portum,
1087 3231 1148 3292 quo
1177 3232 1275 3276 naves

156 3297 352 3362 Hibernicae
374 3298 495 3381 appelli
524 3299 673 3363 solebant.
721 3300 790 3364 Iter
811 3298 923 3382 primo
945 3305 1091 3365 terrestre
1112 3299 1276 3380 faciebant

149 3406 212 3466 per
231 3385 458 3468 Vesontionem,
477 3384 673 3468 Aoallonem,
692 3386 950 3452 Autissiodorum
969 3390 1073 3466 urbes,
1096 3388 1209 3454 deinde
1231 3389 1277 3453 acl

156 3473 289 3537 alterum
313 3473 399 3538 oium
421 3473 616 3539 declinantes
633 3477 723 3558 apucl
740 3475 970 3541 Nioernensem
991 3478 1100 3541 urbem
1122 3478 1275 3561 scaptiam

154 3563 402 3626 conscenderunt
389 3561 627 3645 tLiperimque
649 3563 805 3646 naoipant
805 3586 837 3629 es
793 3564 1105 3630 ttAurelianose
1131 3567 1275 3631 Turonos
1293 3591 1321 3632 ss

154 3650 336 3732 attiperunt,
361 3672 405 3714 on
406 3658 529 3732 tequam
544 3653 633 3732 auat
620 3654 789 3717 tteurlebau
776 3659 934 3737 tportum
944 3660 1107 3806 ceperunt.
1087 3655 1274 3720 Ntooole

154 3738 217 3803 iter
238 3738 375 3818 fortasse
397 3738 648 3823 praeferendum
671 3748 748 3823 erat,
774 3763 840 3841 qno
862 3742 966 3842 mapis
987 3748 1117 3808 sanctus
1139 3766 1160 3808 a
1183 3744 1274 3825 culpo

153 3834 323 3912 separaret
322 3849 381 3910 nr,
413 3828 623 3909 pravissimas
652 3829 738 3894 enim
766 3830 909 3896 iniurias
937 3831 975 3895 in
997 3852 1101 3914 repem
1123 3852 1274 3931 sparpere

155 3915 319 3981 solebatlt
307 3915 454 3998 tristeque
470 3917 684 4018 praesapium
696 3921 734 3983 ele
749 3940 783 3984 eo
800 3921 1020 4003 peronlpabat,
1001 3920 1163 3988 tscilicet
1151 3920 1274 3985 tintra

56 4076 60 4083 .
153 4003 331 4069 triennium
361 4002 453 4084 (613
479 4027 514 4086 p.
544 4007 684 4089 Uter.)
670 4008 775 4092 ipsius
807 4030 939 4091 repnum
969 4009 1045 4093 peri
1046 4016 1152 4074 turum
1182 4016 1274 4090 atque
1292 4036 1323 4076 so

162 4091 385 4158 Cllotlrarium
419 4094 562 4161 dominat
550 4103 656 4160 turum
690 4099 785 4162 esse2
833 4099 868 4162 It
855 4104 947 4179 taque
978 4104 1046 4163 cust
1034 4098 1156 4163 talibus
1190 4103 1273 4162 ante

156 4238 183 4308 1)
211 4238 269 4302 Qua
294 4241 325 4291 de
350 4257 434 4293 causa
456 4244 562 4310 rediret,
587 4246 778 4311 inturopatus,
803 4246 972 4311 respondisse
993 4248 1098 4310 fertur:
1124 4246 1217 4297 ‘Canis
1234 4261 1275 4297 me

156 4310 340 4445 {Vgegdegcus
352 4315 417 4365 meis
429 4330 446 4364 a
458 4283 596 4379 fratribus
607 4316 709 4380 abeqit’;
723 4317 758 4379 cf.
772 4317 802 4371 V.
815 4316 930 4371 colunt.
943 4317 1020 4380 Lm.
1067 4319 1094 4385 2)
1115 4317 1146 4372 V.
1158 4317 1272 4370 cotunu.
