2978 4928
390 454 514 522 IONAS,
528 453 623 511 VITA
636 454 825 510 VEDASTIS
843 454 1025 512 EPISOOPI.
1213 461 1267 514 307

148 641 293 705 suindae
317 638 490 714 scriberet,
522 638 559 700 in
582 659 619 702 re
641 642 715 701 bam
739 639 770 703 ei
794 660 896 720 quam
920 639 1061 703 Francis
1086 639 1265 723 Gallisque

150 729 329 793 nobissima
353 728 526 802 erravisse,
559 730 594 792 el
619 748 680 808 pro
705 727 825 791 beatae
849 728 980 792 Mariae
1004 729 1155 792 Basilica
1177 730 1265 793 Mar·

150 820 216 881 tini
241 817 436 891 Basilicam,
460 817 531 879 sive
555 837 616 899 pro
641 817 873 880 Durocortoro
897 817 1082 881 Remorum
1107 817 1265 882 Caesaro·

150 908 281 970 dunum
316 906 491 968 Turonum
527 906 688 987 posuisse,
724 926 827 987 quam
861 907 981 969 urbem
1020 909 1156 970 constat
1189 911 1266 970 bum

116 1016 130 1054 s
150 996 288 1059 Alarico
305 995 565 1076 Visigolhorum
589 994 677 1077 Regi
699 995 863 1077 paruisse.
905 993 1048 1058 Fortiter
1069 994 1123 1058 ille
1146 993 1267 1059 Nicetii

149 1083 366 1148 auctoritatem
389 1080 497 1162 tenuit,
528 1080 600 1146 licet
627 1087 744 1146 lentum
772 1082 840 1146 eius
861 1084 944 1147 inale
973 1081 1200 1166 interpretatus
1223 1085 1268 1148 ad

148 1174 256 1236 urbem
278 1172 472 1251 Remensem,
502 1177 537 1235 ut
562 1170 680 1250 monui,
705 1169 849 1235 Martini
874 1170 989 1236 limina
1012 1171 1174 1254 rettulerit,
1205 1193 1266 1253 quo

149 1263 186 1325 de
209 1281 317 1325 errore
339 1259 431 1324 lodie
453 1279 518 1323 non
541 1258 723 1342 ambiqitur.

260 1350 351 1430 erod
383 1350 427 1412 ad
455 1347 702 1429 Wisiqotborum
736 1347 891 1413 dicionem
928 1355 1061 1431 spectat,
1101 1348 1153 1414 cui
1189 1352 1266 1414 urbs

105 1461 131 1498 ro
153 1439 316 1502 Turonum
327 1459 357 1501 a.
371 1443 447 1500 496.
458 1437 610 1517 paruisse
620 1437 753 1518 uidetur,
770 1438 854 1502 banc
865 1436 1087 1516 difficultatem
1104 1438 1143 1502 G.
1155 1439 1267 1502 Kurlb

149 1526 303 1605 facillime
325 1547 490 1606 superasse
516 1525 579 1590 sibi
601 1525 688 1590 uisus
710 1532 787 1607 erat,
811 1547 914 1607 reqem
936 1546 1052 1606 eorum,
1085 1525 1114 1591 si
1137 1533 1267 1608 roqatns

150 1620 234 1695 esset,
263 1613 521 1695 pereqrinationi
555 1614 760 1680 Ollodoaecli
787 1614 966 1679 Turonensi
997 1615 1051 1678 ain
1081 1615 1267 1679 obstiturum

149 1703 250 1782 fnisse
279 1710 428 1783 statuens,
465 1703 607 1783 idemque
637 1710 856 1784 arqumentum
888 1706 996 1768 eadem
1023 1704 1137 1784 procul
1172 1704 1266 1768 dubio

149 1791 306 1871 facilitate
328 1794 372 1855 ad
397 1791 586 1872 baptismum
614 1791 736 1869 referre
759 1799 894 1873 poterat,
924 1791 992 1856 uisi
1020 1792 1094 1857 urbi
1117 1793 1267 1858 Remensi

106 1880 284 1945 onimium
317 1880 495 1944 studuisset.
552 1881 697 1944 Turonos
730 1901 802 1945 cero
835 1883 891 1945 sub
925 1881 1129 1945 Francorum
1159 1881 1268 1963 potius

150 1969 273 2035 dicione
296 1990 330 2034 eo
353 1977 488 2053 tempore
510 1968 620 2049 fuisse,
650 1969 702 2034 W.
721 1968 881 2033 Leaiscnl
909 1968 1013 2034 socius
1039 1991 1126 2034 meus
1149 1991 1187 2034 en
1210 1971 1267 2035 ali·

149 2065 223 2139 quot
254 2057 387 2123 indiciis
421 2063 509 2122 acute
539 2056 682 2138 colliqere
712 2064 841 2122 conatus
873 2064 930 2138 est,
965 2078 1095 2123 monens
1125 2058 1267 2123 Volusia-

150 2149 248 2211 num²
281 2147 444 2211 Turonum
477 2146 654 2227 episcopum
689 2146 802 2212 Gothis
834 2152 1017 2227 suspectum,
1048 2149 1132 2227 quod
1159 2148 1267 2212 Fran·

151 2256 257 2300 corum
285 2235 419 2317 imperio
448 2256 481 2299 se
513 2237 643 2300 subdere
672 2234 826 2316 uoluisset,
861 2235 898 2299 in
932 2235 1062 2299 anilium
1095 2236 1267 2317 releqatum

105 2349 132 2387 so
154 2324 284 2389 Tolosae
307 2324 389 2389 diem
412 2345 591 2405 supremum
615 2323 728 2388 obiisse
755 2323 987 2405 Gotborumque
1010 2324 1159 2407 potestati
1181 2325 1267 2388 Bur-

150 2413 313 2495 diqalam3
336 2436 367 2478 a.
385 2420 459 2477 498.
483 2418 621 2493 ereptam
644 2413 786 2478 Francis
816 2412 952 2478 cessisse.
1002 2415 1093 2495 Qiccd
1118 2416 1162 2478 ad
1183 2413 1267 2478 barre

151 2501 330 2582 opinionem
349 2504 604 2582 confirmandam
626 2501 733 2566 Vitam
749 2501 917 2566 Sollemnis
935 2493 1073 2585 episcbpi
1094 2502 1267 2567 Carnutem'

151 2591 264 2668 attulit,
295 2590 427 2656 stolidus
456 2591 510 2656 ille
538 2591 724 2672 inutilisque
753 2591 828 2670 fons
857 2592 952 2670 [idem
984 2591 1112 2655 omnino
1143 2593 1266 2656 nullam

150 2681 316 2758 meretur4,
339 2679 479 2761 iustoque
501 2679 573 2744 iure
592 2682 629 2745 de
647 2701 681 2744 eo
702 2679 742 2744 G.
759 2679 892 2744 Kurtb⁵
908 2679 992 2744 idem
1010 2679 1166 2744 iudicauit
1184 2683 1268 2762 quod

104 2791 132 2830 ss
150 2790 204 2850 eqo
227 2768 327 2833 simili
350 2769 511 2834 occasione
521 2771 541 2848 ⁶,
570 2769 654 2833 banc
680 2768 799 2834 scilicet
820 2768 906 2832 eiam
929 2771 973 2832 ad
994 2768 1180 2832 Aimoinum
1203 2776 1265 2833 ten-

150 2859 222 2921 dere
254 2857 406 2922 historiae
440 2859 644 2922 Francorum
671 2864 856 2938 patronum.
907 2857 1028 2921 Auctor
1061 2857 1143 2921 uitae
1177 2857 1266 2921 illius

150 2945 411 3010 mendacissimus
440 2968 519 3010 saec.
544 2945 612 3009 IX.
632 2945 690 3026 in,
720 2952 756 3010 ut
782 2951 890 3010 sancto
919 2966 976 3009 suo
999 2945 1152 3025 baptisati
1181 2945 1266 3026 repis
1342 2971 1345 2977 ’

150 3034 354 3098 Francorum
386 3033 524 3115 qlcriam
557 3033 723 3098 uindicare
750 3040 870 3115 posset,
909 3034 973 3097 loco
1007 3033 1265 3098 Alamannorum

155 3120 329 3185 Gothorum
363 3122 475 3186 bellum
508 3122 614 3203 finxit,
649 3143 709 3202 quo
736 3142 839 3203 reqem
869 3123 913 3185 ad
938 3123 1033 3201 iidem
1056 3121 1266 3186 christianam

102 3233 132 3272 ao
150 3216 331 3274 commotum
346 3232 411 3275 esse
425 3210 542 3292 uoluit·
564 3209 667 3274 uerbis
684 3231 757 3275 nero
780 3211 817 3275 V.
841 3210 987 3275 Vedastis
1004 3212 1049 3274 ad
1062 3210 1266 3275 Alamannos

150 3298 360 3379 spectantibus
392 3305 455 3364 tam
489 3299 686 3380 impudenter
719 3299 836 3364 abusus
870 3299 945 3380 est⁷,
983 3304 1019 3363 nt
1052 3300 1109 3363 bos
1143 3320 1265 3364 summa

150 3387 289 3452 audacia
322 3409 431 3453 erasos
464 3387 528 3469 ipsi
561 3387 800 3468 interpolatores
837 3387 874 3452 in
908 3394 1025 3452 tentum
1058 3387 1265 3453 restituerint.

150 3476 320 3541 Eiusmodi
343 3476 465 3542 auctori
489 3476 705 3542 anctoritatem
726 3477 826 3542 ullam
849 3475 981 3541 attribui
1003 3497 1068 3540 non
1091 3476 1171 3541 licet.

260 3565 393 3646 Quodsi
408 3568 515 3631 urbem
532 3567 746 3630 Turoneusem
762 3564 899 3630 dicionis
914 3566 1118 3630 Francorum
1133 3587 1214 3631 saec.
1227 3568 1264 3632 V.

102 3675 131 3715 u
149 3661 278 3719 eneunte
293 3655 493 3736 aliquamdiu
504 3654 605 3734 fuisse
619 3655 671 3720 W.
683 3653 821 3719 Leuison
836 3660 916 3719 recte
928 3653 1095 3719 coniecisse
1106 3656 1265 3737 statueris,

148 3743 230 3807 sicut
243 3743 460 3825 Burdiqalam
482 3743 623 3825 ipsorum
641 3743 742 3822 fuisse
759 3749 887 3823 constat,
911 3744 971 3808 bas
988 3764 1096 3807 eorum
1115 3743 1266 3808 victorias

149 3852 213 3896 non
237 3853 481 3896 commemorans
509 3831 683 3914 Greqorins
706 3853 769 3913 pro
797 3831 866 3913 ipso
889 3831 1038 3915 baptismi
1064 3833 1128 3898 loco
1157 3836 1266 3897 urbem

150 4007 176 4073 1)
190 4006 229 4060 W.
247 4007 367 4072 Larisum,
386 4007 456 4058 ‘Zur
474 4005 623 4059 Geschicbte
641 4008 686 4058 des
699 4006 927 4072 maurentinus
944 4005 1121 4058 Cblodowccb'
1140 4006 1265 4070 (Uir-bri.

149 4080 174 4131 d.
193 4079 301 4130 Vereins
318 4093 368 4129 corr
387 4077 593 4140 Altertbumsfr.
612 4079 651 4128 im
668 4075 784 4131 Rbcr'nlss
798 4079 858 4144 103,
874 4095 904 4143 p.
917 4080 951 4131 42
961 4079 1038 4143 sqq).
1123 4079 1150 4142 2)
1176 4075 1263 4142 tiraq,

102 4156 131 4193 40
148 4147 184 4202 Η,
204 4149 254 4203 Fr.
274 4148 313 4214 II,
327 4151 370 4202 26.
390 4148 426 4214 X,
442 4151 483 4202 31.
538 4150 567 4216 3)
588 4149 665 4203 Anat.
677 4147 773 4216 Prosp.
785 4148 884 4214 Ham,
904 4149 981 4203 Anat.
994 4149 1077 4212 antiq.
1091 4146 1144 4212 IX,
1157 4164 1187 4212 p.
1197 4149 1265 4209 331,-

149 4220 184 4281 οἵ.
204 4219 251 4275 SS.
270 4236 326 4274 rer.
342 4220 439 4274 Merca.
451 4219 510 4285 III,
527 4237 555 4286 p.
568 4221 629 4284 465,
649 4235 675 4274 n.
690 4222 714 4274 1.
769 4221 796 4287 4)
816 4220 859 4284 Of.
876 4220 919 4273 ‘N.
933 4218 1023 4272 Arcb.'
1036 4217 1144 4284 XXIV,
1161 4236 1190 4284 p.
1204 4221 1277 4272 371:

150 4290 176 4358 5)
199 4290 230 4344 G.
244 4291 346 4356 Knrtb,
367 4291 474 4344 ‘Clanis'
486 4291 525 4356 II,
543 4308 571 4358 p.
585 4289 663 4345 283².
736 4289 763 4360 6)
784 4288 826 4345 ‘N.
838 4291 932 4344 Arabs
944 4289 1012 4354 XII,
1026 4305 1057 4354 p.
1071 4290 1131 4343 289.
1187 4290 1213 4355 7)
1235 4290 1264 4344 V.

149 4360 288 4412 Sollemnis
306 4377 327 4416 c.
341 4365 372 4416 7.·
396 4362 521 4430 pergit
545 4359 581 4413 ad
604 4359 748 4430 proelium,
776 4377 920 4428 cumque
946 4358 1040 4411 acies
1064 4363 1158 4411 contra
1178 4359 1264 4412 aciem

149 4431 331 4499 utrimque
354 4433 409 4485 tela
427 4432 524 4485 emissa
542 4433 682 4499 iactarem,
702 4463 735 4472 —
748 4463 790 4488 ,—
808 4448 872 4485 cum
889 4434 995 4498 terga
1013 4428 1147 4482 dederunt
1166 4435 1213 4498 (=
1234 4433 1264 4486 V.

99 4507 130 4547 45
153 4502 251 4567 Vedl,
271 4517 291 4557 c.
305 4504 341 4570 2).
1052 4537 1105 4591 20*
