<?xml version="1.0" encoding="UTF-8"?>
<!DOCTYPE html PUBLIC "-//W3C//DTD XHTML 1.0 Transitional//EN"
    "http://www.w3.org/TR/xhtml1/DTD/xhtml1-transitional.dtd">
<html xmlns="http://www.w3.org/1999/xhtml" xml:lang="en" lang="en">
 <head>
  <title>
</title>
<meta http-equiv="Content-Type" content="text/html;charset=utf-8" />
  <meta name='ocr-system' content='tesseract 3.04.00' />
  <meta name='ocr-capabilities' content='ocr_page ocr_carea ocr_par ocr_line ocrx_word'/>
</head>
<body>
  <div class='ocr_page' id='page_1' title='image "./ionaevitaesanct01jonagoog_0323.png"; bbox 0 0 2978 4928; ppageno 0'>
   <div class='ocr_carea' id='block_1_1' title="bbox 208 470 1085 540">
    <p class='ocr_par' dir='ltr' id='par_1_1' title="bbox 208 470 1085 540">
     <span class='ocr_line' id='line_1_1' title="bbox 208 470 1085 540; baseline -0.001 -12"><span class='ocrx_word' id='word_1_1' title='bbox 208 474 263 528; x_wconf 73' lang='lat'><em>302</em></span> <span class='ocrx_word' id='word_1_2' title='bbox 452 470 577 540; x_wconf 81' lang='lat' dir='ltr'><em>IONAS,</em></span> <span class='ocrx_word' id='word_1_3' title='bbox 589 470 684 529; x_wconf 82' lang='lat' dir='ltr'><strong>VITA</strong></span> <span class='ocrx_word' id='word_1_4' title='bbox 697 471 886 526; x_wconf 77' lang='lat' dir='ltr'>VEDASTIS</span> <span class='ocrx_word' id='word_1_5' title='bbox 904 471 1085 528; x_wconf 81' lang='lat' dir='ltr'><strong>EPISGOPI.</strong></span> 
     </span>
    </p>
   </div>
   <div class='ocr_carea' id='block_1_2' title="bbox 202 653 1375 3310">
    <p class='ocr_par' dir='ltr' id='par_1_2' title="bbox 208 653 1326 912">
     <span class='ocr_line' id='line_1_2' title="bbox 210 653 1326 735; baseline 0.002 -19"><span class='ocrx_word' id='word_1_6' title='bbox 210 653 348 717; x_wconf 76' lang='lat' dir='ltr'><strong><em>Interim</em></strong></span> <span class='ocrx_word' id='word_1_7' title='bbox 378 654 415 717; x_wconf 90' lang='lat' dir='ltr'><em>de</em></span> <span class='ocrx_word' id='word_1_8' title='bbox 444 660 554 718; x_wconf 92' lang='lat' dir='ltr'><em>sancto</em></span> <span class='ocrx_word' id='word_1_9' title='bbox 581 653 638 717; x_wconf 88' lang='lat' dir='ltr'><em>illo</em></span> <span class='ocrx_word' id='word_1_10' title='bbox 667 675 736 718; x_wconf 93' lang='lat' dir='ltr'><em>cum</em></span> <span class='ocrx_word' id='word_1_11' title='bbox 759 655 799 718; x_wconf 90' lang='lat' dir='ltr'><em>ab</em></span> <span class='ocrx_word' id='word_1_12' title='bbox 822 653 1058 735; x_wconf 75' lang='lat' dir='ltr'><em>antiquioribus</em></span> <span class='ocrx_word' id='word_1_13' title='bbox 1079 653 1135 718; x_wconf 60' lang='lat' dir='ltr'><em>mlo</em></span> <span class='ocrx_word' id='word_1_14' title='bbox 1156 653 1326 735; x_wconf 76' lang='lat' dir='ltr'><em>qumquam</em></span> 
     </span>
     <span class='ocr_line' id='line_1_3' title="bbox 208 741 1326 827; baseline 0.002 -21"><span class='ocrx_word' id='word_1_15' title='bbox 208 741 430 822; x_wconf 73' lang='lat' dir='ltr'><em>acceperimus,</em></span> <span class='ocrx_word' id='word_1_16' title='bbox 465 744 510 806; x_wconf 90' lang='lat' dir='ltr'><em>ad</em></span> <span class='ocrx_word' id='word_1_17' title='bbox 539 742 748 827; x_wconf 80' lang='lat' dir='ltr'><em>biopraphum</em></span> <span class='ocrx_word' id='word_1_18' title='bbox 776 763 897 824; x_wconf 87' lang='lat' dir='ltr'><em>semper</em></span> <span class='ocrx_word' id='word_1_19' title='bbox 919 745 1145 807; x_wconf 89' lang='lat' dir='ltr'><em>recurrendum</em></span> <span class='ocrx_word' id='word_1_20' title='bbox 1174 743 1253 824; x_wconf 70' lang='lat' dir='ltr'><em>erit,</em></span> <span class='ocrx_word' id='word_1_21' title='bbox 1287 746 1326 808; x_wconf 92' lang='lat' dir='ltr'><em>de</em></span> 
     </span>
     <span class='ocr_line' id='line_1_4' title="bbox 214 829 1157 912; baseline -0.002 -16"><span class='ocrx_word' id='word_1_22' title='bbox 214 829 422 896; x_wconf 82' lang='lat' dir='ltr'><em>Chlodmechi</em></span> <span class='ocrx_word' id='word_1_23' title='bbox 443 851 516 895; x_wconf 87' lang='lat' dir='ltr'><em>uero</em></span> <span class='ocrx_word' id='word_1_24' title='bbox 538 831 674 896; x_wconf 88' lang='lat' dir='ltr'><em>historia</em></span> <span class='ocrx_word' id='word_1_25' title='bbox 695 853 748 895; x_wconf 88' lang='lat' dir='ltr'><em>res</em></span> <span class='ocrx_word' id='word_1_26' title='bbox 769 852 802 895; x_wconf 92' lang='lat' dir='ltr'><em>se</em></span> <span class='ocrx_word' id='word_1_27' title='bbox 825 832 915 912; x_wconf 79' lang='lat' dir='ltr'><em>lonpe</em></span> <span class='ocrx_word' id='word_1_28' title='bbox 940 831 1035 895; x_wconf 90' lang='lat' dir='ltr'><em>aliter</em></span> <span class='ocrx_word' id='word_1_29' title='bbox 1056 832 1157 896; x_wconf 89' lang='lat' dir='ltr'><em>habet.</em></span> 
     </span>
    </p>

    <p class='ocr_par' dir='ltr' id='par_1_3' title="bbox 202 920 1375 2600">
     <span class='ocr_line' id='line_1_5' title="bbox 315 920 1326 1002; baseline 0.001 -18"><span class='ocrx_word' id='word_1_30' title='bbox 315 920 481 984; x_wconf 77' lang='lat' dir='ltr'><em>Habemus</em></span> <span class='ocrx_word' id='word_1_31' title='bbox 514 922 552 984; x_wconf 94' lang='lat' dir='ltr'><em>de</em></span> <span class='ocrx_word' id='word_1_32' title='bbox 580 920 646 984; x_wconf 90' lang='lat' dir='ltr'><em>loco</em></span> <span class='ocrx_word' id='word_1_33' title='bbox 679 920 837 1001; x_wconf 89' lang='lat' dir='ltr'><em>baptismi,</em></span> <span class='ocrx_word' id='word_1_34' title='bbox 872 920 927 1002; x_wconf 79' lang='lat' dir='ltr'><em>qui</em></span> <span class='ocrx_word' id='word_1_35' title='bbox 959 920 1085 1001; x_wconf 77' lang='lat' dir='ltr'><em>quidem</em></span> <span class='ocrx_word' id='word_1_36' title='bbox 1114 920 1265 1001; x_wconf 77' lang='lat' dir='ltr'><em>inprimis</em></span> <span class='ocrx_word' id='word_1_37' title='bbox 1287 921 1326 985; x_wconf 90' lang='lat' dir='ltr'><em>in</em></span> 
     </span>
     <span class='ocr_line' id='line_1_6' title="bbox 208 1008 1361 1090; baseline 0.003 -19"><span class='ocrx_word' id='word_1_38' title='bbox 208 1008 423 1073; x_wconf 84' lang='lat' dir='ltr'><em>controversia</em></span> <span class='ocrx_word' id='word_1_39' title='bbox 453 1015 605 1089; x_wconf 85' lang='lat' dir='ltr'><em>uersatur,</em></span> <span class='ocrx_word' id='word_1_40' title='bbox 640 1015 799 1074; x_wconf 91' lang='lat' dir='ltr'><em>auctorem</em></span> <span class='ocrx_word' id='word_1_41' title='bbox 826 1008 896 1089; x_wconf 89' lang='lat' dir='ltr'><em>ipso</em></span> <span class='ocrx_word' id='word_1_42' title='bbox 930 1008 1084 1090; x_wconf 71' lang='lat' dir='ltr'><em>Greporio</em></span> <span class='ocrx_word' id='word_1_43' title='bbox 1117 1009 1361 1090; x_wconf 78' lang='lat' dir='ltr'><em>uetustioremc</em></span> 
     </span>
     <span class='ocr_line' id='line_1_7' title="bbox 210 1095 1328 1178; baseline 0.002 -18"><span class='ocrx_word' id='word_1_44' title='bbox 210 1095 392 1161; x_wconf 89' lang='lat' dir='ltr'><em>Nicetium1</em></span> <span class='ocrx_word' id='word_1_45' title='bbox 425 1097 544 1162; x_wconf 91' lang='lat' dir='ltr'><em>scilicet</em></span> <span class='ocrx_word' id='word_1_46' title='bbox 575 1097 752 1178; x_wconf 76' lang='lat' dir='ltr'><em>episcopum</em></span> <span class='ocrx_word' id='word_1_47' title='bbox 790 1097 998 1177; x_wconf 83' lang='lat' dir='ltr'><em>Treuericum,</em></span> <span class='ocrx_word' id='word_1_48' title='bbox 1037 1119 1131 1178; x_wconf 78' lang='lat' dir='ltr'><em>eoque</em></span> <span class='ocrx_word' id='word_1_49' title='bbox 1164 1103 1237 1162; x_wconf 91' lang='lat' dir='ltr'><em>teste</em></span> <span class='ocrx_word' id='word_1_50' title='bbox 1272 1098 1328 1163; x_wconf 86' lang='lat' dir='ltr'><em>‘ad</em></span> 
     </span>
     <span class='ocr_line' id='line_1_8' title="bbox 208 1185 1326 1271; baseline 0.003 -23"><span class='ocrx_word' id='word_1_51' title='bbox 208 1185 318 1249; x_wconf 82' lang='lat' dir='ltr'><em>domm</em></span> <span class='ocrx_word' id='word_1_52' title='bbox 340 1185 486 1250; x_wconf 87' lang='lat' dir='ltr'><em>Martini</em></span> <span class='ocrx_word' id='word_1_53' title='bbox 508 1185 633 1251; x_wconf 86' lang='lat' dir='ltr'><em>limina&#39;</em></span> <span class='ocrx_word' id='word_1_54' title='bbox 657 1207 714 1250; x_wconf 81' lang='lat' dir='ltr'><em>ren</em></span> <span class='ocrx_word' id='word_1_55' title='bbox 743 1193 893 1250; x_wconf 79' lang='lat' dir='ltr'><em>moturus</em></span> <span class='ocrx_word' id='word_1_56' title='bbox 915 1185 1027 1251; x_wconf 87' lang='lat' dir='ltr'><em>cecidit</em></span> <span class='ocrx_word' id='word_1_57' title='bbox 1048 1194 1077 1250; x_wconf 96' lang='lat' dir='ltr'><em>et</em></span> <span class='ocrx_word' id='word_1_58' title='bbox 1106 1186 1270 1271; x_wconf 85' lang='lat' dir='ltr'><em>bapticare</em></span> <span class='ocrx_word' id='word_1_59' title='bbox 1292 1209 1326 1251; x_wconf 88' lang='lat' dir='ltr'><em>se</em></span> 
     </span>
     <span class='ocr_line' id='line_1_9' title="bbox 208 1272 1327 1356; baseline 0.002 -18"><span class='ocrx_word' id='word_1_60' title='bbox 208 1272 279 1338; x_wconf 87' lang='lat' dir='ltr'><em>sine</em></span> <span class='ocrx_word' id='word_1_61' title='bbox 307 1295 399 1339; x_wconf 91' lang='lat' dir='ltr'><em>mora</em></span> <span class='ocrx_word' id='word_1_62' title='bbox 428 1273 600 1356; x_wconf 74' lang='lat' dir='ltr'><em>permisit.</em></span> <span class='ocrx_word' id='word_1_63' title='bbox 645 1275 744 1340; x_wconf 89' lang='lat' dir='ltr'><em>Hanc</em></span> <span class='ocrx_word' id='word_1_64' title='bbox 778 1276 812 1340; x_wconf 83' lang='lat' dir='ltr'><em>S.</em></span> <span class='ocrx_word' id='word_1_65' title='bbox 837 1274 984 1339; x_wconf 89' lang='lat' dir='ltr'><em>Martini</em></span> <span class='ocrx_word' id='word_1_66' title='bbox 1015 1275 1177 1340; x_wconf 80' lang='lat' dir='ltr'><em>ecclesiam</em></span> <span class='ocrx_word' id='word_1_67' title='bbox 1209 1282 1327 1340; x_wconf 90' lang='lat' dir='ltr'><em>ueteres</em></span> 
     </span>
     <span class='ocr_line' id='line_1_10' title="bbox 208 1362 1326 1446; baseline 0.001 -19"><span class='ocrx_word' id='word_1_68' title='bbox 208 1362 325 1427; x_wconf 90' lang='lat' dir='ltr'><em>harum</em></span> <span class='ocrx_word' id='word_1_69' title='bbox 343 1383 451 1428; x_wconf 90' lang='lat' dir='ltr'><em>rerum</em></span> <span class='ocrx_word' id='word_1_70' title='bbox 468 1363 602 1428; x_wconf 80' lang='lat' dir='ltr'><em>studiosi</em></span> <span class='ocrx_word' id='word_1_71' title='bbox 616 1363 727 1427; x_wconf 82' lang='lat' dir='ltr'><em>Remis</em></span> <span class='ocrx_word' id='word_1_72' title='bbox 743 1384 887 1444; x_wconf 76' lang='lat' dir='ltr'><em>posuere,</em></span> <span class='ocrx_word' id='word_1_73' title='bbox 912 1384 1039 1444; x_wconf 81' lang='lat' dir='ltr'><em>cumque</em></span> <span class='ocrx_word' id='word_1_74' title='bbox 1054 1365 1141 1446; x_wconf 89' lang='lat' dir='ltr'><em>apud</em></span> <span class='ocrx_word' id='word_1_75' title='bbox 1154 1363 1326 1428; x_wconf 79' lang='lat' dir='ltr'><em>Beruenses</em></span> 
     </span>
     <span class='ocr_line' id='line_1_11' title="bbox 209 1451 1375 1534; baseline 0.003 -20"><span class='ocrx_word' id='word_1_76' title='bbox 209 1451 363 1516; x_wconf 88' lang='lat' dir='ltr'><em>traditum</em></span> <span class='ocrx_word' id='word_1_77' title='bbox 386 1458 471 1534; x_wconf 86' lang='lat' dir='ltr'><em>esset,</em></span> <span class='ocrx_word' id='word_1_78' title='bbox 490 1451 599 1534; x_wconf 89' lang='lat' dir='ltr'><em>potius</em></span> <span class='ocrx_word' id='word_1_79' title='bbox 621 1452 657 1516; x_wconf 89' lang='lat' dir='ltr'><em>in</em></span> <span class='ocrx_word' id='word_1_80' title='bbox 681 1453 715 1516; x_wconf 81' lang='lat' dir='ltr'><em>S.</em></span> <span class='ocrx_word' id='word_1_81' title='bbox 735 1452 869 1516; x_wconf 86' lang='lat' dir='ltr'><em>Mariae</em></span> <span class='ocrx_word' id='word_1_82' title='bbox 891 1452 1022 1517; x_wconf 89' lang='lat' dir='ltr'><em>ecclesia</em></span> <span class='ocrx_word' id='word_1_83' title='bbox 1044 1473 1148 1533; x_wconf 79' lang='lat' dir='ltr'><em>repem</em></span> <span class='ocrx_word' id='word_1_84' title='bbox 1170 1474 1239 1517; x_wconf 93' lang='lat' dir='ltr'><em>cum</em></span> <span class='ocrx_word' id='word_1_85' title='bbox 1263 1459 1375 1518; x_wconf 89' lang='lat' dir='ltr'><em>toto1o</em></span> 
     </span>
     <span class='ocr_line' id='line_1_12' title="bbox 209 1540 1327 1622; baseline 0.001 -18"><span class='ocrx_word' id='word_1_86' title='bbox 209 1540 414 1605; x_wconf 87' lang='lat' dir='ltr'><em>Francorum</em></span> <span class='ocrx_word' id='word_1_87' title='bbox 434 1542 552 1622; x_wconf 91' lang='lat' dir='ltr'><em>populo</em></span> <span class='ocrx_word' id='word_1_88' title='bbox 575 1540 769 1622; x_wconf 78' lang='lat' dir='ltr'><em>bapticatum</em></span> <span class='ocrx_word' id='word_1_89' title='bbox 798 1562 871 1621; x_wconf 89' lang='lat' dir='ltr'><em>esse,</em></span> <span class='ocrx_word' id='word_1_90' title='bbox 902 1540 963 1605; x_wconf 88' lang='lat' dir='ltr'><em>alii</em></span> <span class='ocrx_word' id='word_1_91' title='bbox 991 1540 1077 1605; x_wconf 92' lang='lat' dir='ltr'><em>inter</em></span> <span class='ocrx_word' id='word_1_92' title='bbox 1098 1540 1272 1606; x_wconf 88' lang='lat' dir='ltr'><em>orationem</em></span> <span class='ocrx_word' id='word_1_93' title='bbox 1296 1549 1327 1607; x_wconf 91' lang='lat' dir='ltr'><em>et</em></span> 
     </span>
     <span class='ocr_line' id='line_1_13' title="bbox 209 1629 1325 1711; baseline 0.001 -18"><span class='ocrx_word' id='word_1_94' title='bbox 209 1629 397 1710; x_wconf 88' lang='lat' dir='ltr'><em>baptismum</em></span> <span class='ocrx_word' id='word_1_95' title='bbox 421 1629 657 1711; x_wconf 79' lang='lat' dir='ltr'><em>distinpuentes,</em></span> <span class='ocrx_word' id='word_1_96' title='bbox 680 1630 737 1695; x_wconf 93' lang='lat' dir='ltr'><em>hoc</em></span> <span class='ocrx_word' id='word_1_97' title='bbox 752 1629 927 1694; x_wconf 88' lang='lat' dir='ltr'><em>Hincmari</em></span> <span class='ocrx_word' id='word_1_98' title='bbox 949 1630 1137 1711; x_wconf 76' lang='lat' dir='ltr'><em>chartaeque</em></span> <span class='ocrx_word' id='word_1_99' title='bbox 1159 1630 1325 1694; x_wconf 87' lang='lat' dir='ltr'><em>cuiusdam</em></span> 
     </span>
     <span class='ocr_line' id='line_1_14' title="bbox 209 1717 1325 1800; baseline -0.001 -18"><span class='ocrx_word' id='word_1_100' title='bbox 209 1717 377 1783; x_wconf 73' lang='lat' dir='ltr'><em>maculet</em></span> <span class='ocrx_word' id='word_1_101' title='bbox 406 1718 485 1782; x_wconf 84' lang='lat' dir='ltr'><em>Pii²</em></span> <span class='ocrx_word' id='word_1_102' title='bbox 519 1718 729 1783; x_wconf 89' lang='lat' dir='ltr'><em>testimouium</em></span> <span class='ocrx_word' id='word_1_103' title='bbox 761 1725 974 1797; x_wconf 84' lang='lat' dir='ltr'><em>seruauerunt,</em></span> <span class='ocrx_word' id='word_1_104' title='bbox 1009 1740 1089 1800; x_wconf 78' lang='lat' dir='ltr'><em>quae</em></span> <span class='ocrx_word' id='word_1_105' title='bbox 1122 1740 1200 1783; x_wconf 90' lang='lat' dir='ltr'><em>sane</em></span> <span class='ocrx_word' id='word_1_106' title='bbox 1233 1719 1325 1782; x_wconf 91' lang='lat' dir='ltr'><em>ambo</em></span> 
     </span>
     <span class='ocr_line' id='line_1_15' title="bbox 208 1807 1328 1889; baseline 0.002 -19"><span class='ocrx_word' id='word_1_107' title='bbox 208 1813 369 1888; x_wconf 89' lang='lat' dir='ltr'><em>suspectae</em></span> <span class='ocrx_word' id='word_1_108' title='bbox 401 1807 480 1887; x_wconf 72' lang='lat' dir='ltr'><em>daei</em></span> <span class='ocrx_word' id='word_1_109' title='bbox 519 1813 594 1872; x_wconf 84' lang='lat' dir='ltr'><em>sunt</em></span> <span class='ocrx_word' id='word_1_110' title='bbox 626 1807 811 1872; x_wconf 89' lang='lat' dir='ltr'><em>documento</em></span> <span class='ocrx_word' id='word_1_111' title='bbox 820 1808 841 1889; x_wconf 87' lang='lat'><em>³,</em></span> <span class='ocrx_word' id='word_1_112' title='bbox 880 1843 922 1853; x_wconf 80' lang='lat'><em>-</em></span> <span class='ocrx_word' id='word_1_113' title='bbox 970 1807 1152 1872; x_wconf 73' lang='lat' dir='ltr'><em>Cointium4</em></span> <span class='ocrx_word' id='word_1_114' title='bbox 1186 1807 1255 1872; x_wconf 90' lang='lat' dir='ltr'><em>dico</em></span> <span class='ocrx_word' id='word_1_115' title='bbox 1297 1815 1328 1872; x_wconf 93' lang='lat' dir='ltr'><em>et</em></span> 
     </span>
     <span class='ocr_line' id='line_1_16' title="bbox 209 1894 1373 1978; baseline 0.003 -20"><span class='ocrx_word' id='word_1_116' title='bbox 209 1894 408 1961; x_wconf 86' lang='lat' dir='ltr'><em>Marlotnm⁵</em></span> <span class='ocrx_word' id='word_1_117' title='bbox 422 1918 480 1978; x_wconf 82' lang='lat'><em>—;</em></span> <span class='ocrx_word' id='word_1_118' title='bbox 497 1895 662 1961; x_wconf 80' lang='lat' dir='ltr'><em>Valesius⁶</em></span> <span class='ocrx_word' id='word_1_119' title='bbox 676 1918 748 1961; x_wconf 86' lang='lat' dir='ltr'><em>aero</em></span> <span class='ocrx_word' id='word_1_120' title='bbox 766 1896 850 1960; x_wconf 54' lang='lat' dir='ltr'><em>mm</em></span> <span class='ocrx_word' id='word_1_121' title='bbox 864 1896 1048 1978; x_wconf 76' lang='lat' dir='ltr'><em>improbares</em></span> <span class='ocrx_word' id='word_1_122' title='bbox 1066 1903 1095 1960; x_wconf 88' lang='lat' dir='ltr'><em>et</em></span> <span class='ocrx_word' id='word_1_123' title='bbox 1109 1895 1326 1960; x_wconf 88' lang='lat' dir='ltr'><em>Hincmarnm</em></span> <span class='ocrx_word' id='word_1_124' title='bbox 1344 1923 1373 1962; x_wconf 83' lang='lat'><em>15</em></span> 
     </span>
     <span class='ocr_line' id='line_1_17' title="bbox 208 1983 1326 2067; baseline 0.001 -19"><span class='ocrx_word' id='word_1_125' title='bbox 208 1983 331 2049; x_wconf 89' lang='lat' dir='ltr'><em>erroris</em></span> <span class='ocrx_word' id='word_1_126' title='bbox 353 2006 500 2067; x_wconf 76' lang='lat' dir='ltr'><em>aronens,</em></span> <span class='ocrx_word' id='word_1_127' title='bbox 523 1985 627 2066; x_wconf 88' lang='lat' dir='ltr'><em>ipsum</em></span> <span class='ocrx_word' id='word_1_128' title='bbox 645 1985 834 2066; x_wconf 88' lang='lat' dir='ltr'><em>baptismum</em></span> <span class='ocrx_word' id='word_1_129' title='bbox 849 1985 995 2050; x_wconf 88' lang='lat' dir='ltr'><em>Martini</em></span> <span class='ocrx_word' id='word_1_130' title='bbox 1012 1985 1159 2050; x_wconf 89' lang='lat' dir='ltr'><em>ecclesiae</em></span> <span class='ocrx_word' id='word_1_131' title='bbox 1174 1985 1326 2049; x_wconf 87' lang='lat' dir='ltr'><em>Remensi</em></span> 
     </span>
     <span class='ocr_line' id='line_1_18' title="bbox 209 2072 1326 2155; baseline 0.003 -20"><span class='ocrx_word' id='word_1_132' title='bbox 209 2072 364 2138; x_wconf 88' lang='lat' dir='ltr'><em>attribuit.</em></span> <span class='ocrx_word' id='word_1_133' title='bbox 403 2076 439 2138; x_wconf 87' lang='lat' dir='ltr'><em>E</em></span> <span class='ocrx_word' id='word_1_134' title='bbox 458 2073 620 2139; x_wconf 84' lang='lat' dir='ltr'><em>contrario</em></span> <span class='ocrx_word' id='word_1_135' title='bbox 643 2075 730 2155; x_wconf 89' lang='lat' dir='ltr'><em>apud</em></span> <span class='ocrx_word' id='word_1_136' title='bbox 745 2074 906 2138; x_wconf 86' lang='lat' dir='ltr'><em>Nicetium</em></span> <span class='ocrx_word' id='word_1_137' title='bbox 928 2095 1068 2138; x_wconf 92' lang='lat' dir='ltr'><em>errorem</em></span> <span class='ocrx_word' id='word_1_138' title='bbox 1086 2073 1326 2154; x_wconf 74' lang='lat' dir='ltr'><em>deprehendisse</em></span> 
     </span>
     <span class='ocr_line' id='line_1_19' title="bbox 209 2158 1326 2246; baseline 0.001 -20"><span class='ocrx_word' id='word_1_139' title='bbox 209 2160 272 2226; x_wconf 86' lang='lat' dir='ltr'><em>sibi</em></span> <span class='ocrx_word' id='word_1_140' title='bbox 301 2162 389 2228; x_wconf 85' lang='lat' dir='ltr'><em>uisus</em></span> <span class='ocrx_word' id='word_1_141' title='bbox 420 2170 466 2228; x_wconf 90' lang='lat' dir='ltr'><em>est</em></span> <span class='ocrx_word' id='word_1_142' title='bbox 487 2164 528 2228; x_wconf 87' lang='lat' dir='ltr'><em>F.</em></span> <span class='ocrx_word' id='word_1_143' title='bbox 552 2164 603 2229; x_wconf 91' lang='lat' dir='ltr'><em>W.</em></span> <span class='ocrx_word' id='word_1_144' title='bbox 627 2163 776 2245; x_wconf 76' lang='lat' dir='ltr'><em>Rettberp</em></span> <span class='ocrx_word' id='word_1_145' title='bbox 787 2164 806 2244; x_wconf 82' lang='lat'><em>⁷,</em></span> <span class='ocrx_word' id='word_1_146' title='bbox 838 2158 988 2246; x_wconf 89' lang='lat' dir='ltr'><em>D(omni)</em></span> <span class='ocrx_word' id='word_1_147' title='bbox 1012 2159 1177 2246; x_wconf 77' lang='lat' dir='ltr'><em>M(arhini)</em></span> <span class='ocrx_word' id='word_1_148' title='bbox 1201 2161 1326 2227; x_wconf 76' lang='lat' dir='ltr'><em>litteras</em></span> 
     </span>
     <span class='ocr_line' id='line_1_20' title="bbox 202 2247 1324 2335; baseline 0.002 -21"><span class='ocrx_word' id='word_1_149' title='bbox 202 2271 266 2333; x_wconf 85' lang='lat' dir='ltr'><em>pro</em></span> <span class='ocrx_word' id='word_1_150' title='bbox 290 2248 421 2335; x_wconf 74' lang='lat' dir='ltr'><em>Dlivae)</em></span> <span class='ocrx_word' id='word_1_151' title='bbox 444 2247 598 2335; x_wconf 74' lang='lat' dir='ltr'><em>Mlariae)</em></span> <span class='ocrx_word' id='word_1_152' title='bbox 622 2253 662 2317; x_wconf 91' lang='lat' dir='ltr'><em>ab</em></span> <span class='ocrx_word' id='word_1_153' title='bbox 686 2273 720 2317; x_wconf 89' lang='lat' dir='ltr'><em>eo</em></span> <span class='ocrx_word' id='word_1_154' title='bbox 742 2253 824 2316; x_wconf 89' lang='lat' dir='ltr'><em>mole</em></span> <span class='ocrx_word' id='word_1_155' title='bbox 846 2253 942 2317; x_wconf 82' lang='lat' dir='ltr'><em>tectas</em></span> <span class='ocrx_word' id='word_1_156' title='bbox 964 2273 1029 2316; x_wconf 90' lang='lat' dir='ltr'><em>esse</em></span> <span class='ocrx_word' id='word_1_157' title='bbox 1051 2257 1200 2330; x_wconf 88' lang='lat' dir='ltr'><em>statuens,</em></span> <span class='ocrx_word' id='word_1_158' title='bbox 1229 2250 1324 2316; x_wconf 92' lang='lat' dir='ltr'><em>hanc·</em></span> 
     </span>
     <span class='ocr_line' id='line_1_21' title="bbox 209 2339 1372 2421; baseline 0.001 -18"><span class='ocrx_word' id='word_1_159' title='bbox 209 2360 267 2420; x_wconf 78' lang='lat' dir='ltr'><em>que</em></span> <span class='ocrx_word' id='word_1_160' title='bbox 282 2339 385 2421; x_wconf 89' lang='lat' dir='ltr'><em>ipsius</em></span> <span class='ocrx_word' id='word_1_161' title='bbox 400 2341 612 2406; x_wconf 90' lang='lat' dir='ltr'><em>coniecturam</em></span> <span class='ocrx_word' id='word_1_162' title='bbox 626 2341 782 2420; x_wconf 83' lang='lat' dir='ltr'><em>infaustis</em></span> <span class='ocrx_word' id='word_1_163' title='bbox 798 2339 952 2421; x_wconf 84' lang='lat' dir='ltr'><em>auspiciis</em></span> <span class='ocrx_word' id='word_1_164' title='bbox 970 2347 1111 2404; x_wconf 84' lang='lat' dir='ltr'><em>euortam</em></span> <span class='ocrx_word' id='word_1_165' title='bbox 1126 2341 1167 2404; x_wconf 86' lang='lat' dir='ltr'><em>A.</em></span> <span class='ocrx_word' id='word_1_166' title='bbox 1185 2339 1325 2404; x_wconf 89' lang='lat' dir='ltr'><em>Hauch8</em></span> <span class='ocrx_word' id='word_1_167' title='bbox 1343 2367 1372 2404; x_wconf 80' lang='lat'><em>20</em></span> 
     </span>
     <span class='ocr_line' id='line_1_22' title="bbox 210 2427 1324 2511; baseline -0.001 -19"><span class='ocrx_word' id='word_1_168' title='bbox 210 2427 285 2492; x_wconf 90' lang='lat' dir='ltr'><em>olim</em></span> <span class='ocrx_word' id='word_1_169' title='bbox 300 2431 538 2511; x_wconf 84' lang='lat' dir='ltr'><em>approbaverat.</em></span> <span class='ocrx_word' id='word_1_170' title='bbox 569 2429 681 2493; x_wconf 87' lang='lat' dir='ltr'><em>Etiam</em></span> <span class='ocrx_word' id='word_1_171' title='bbox 699 2431 750 2496; x_wconf 90' lang='lat' dir='ltr'><em>W.</em></span> <span class='ocrx_word' id='word_1_172' title='bbox 763 2430 960 2511; x_wconf 79' lang='lat' dir='ltr'><em>Junphans⁹</em></span> <span class='ocrx_word' id='word_1_173' title='bbox 976 2428 1098 2494; x_wconf 89' lang='lat' dir='ltr'><em>Nicetii</em></span> <span class='ocrx_word' id='word_1_174' title='bbox 1112 2428 1324 2493; x_wconf 87' lang='lat' dir='ltr'><em>testimonium</em></span> 
     </span>
     <span class='ocr_line' id='line_1_23' title="bbox 208 2517 1214 2600; baseline -0.002 -20"><span class='ocrx_word' id='word_1_175' title='bbox 208 2518 254 2580; x_wconf 90' lang='lat' dir='ltr'><em>ad</em></span> <span class='ocrx_word' id='word_1_176' title='bbox 274 2518 375 2582; x_wconf 91' lang='lat' dir='ltr'><em>solum</em></span> <span class='ocrx_word' id='word_1_177' title='bbox 398 2524 538 2582; x_wconf 89' lang='lat' dir='ltr'><em>erratum</em></span> <span class='ocrx_word' id='word_1_178' title='bbox 561 2518 689 2600; x_wconf 89' lang='lat' dir='ltr'><em>rettulit,</em></span> <span class='ocrx_word' id='word_1_179' title='bbox 714 2518 884 2600; x_wconf 80' lang='lat' dir='ltr'><em>biopropho</em></span> <span class='ocrx_word' id='word_1_180' title='bbox 907 2518 1042 2583; x_wconf 90' lang='lat' dir='ltr'><em>nimium</em></span> <span class='ocrx_word' id='word_1_181' title='bbox 1064 2517 1214 2582; x_wconf 88' lang='lat' dir='ltr'><em>tribuens.</em></span> 
     </span>
    </p>

    <p class='ocr_par' dir='ltr' id='par_1_4' title="bbox 206 2605 1371 3310">
     <span class='ocr_line' id='line_1_24' title="bbox 315 2605 1326 2672; baseline 0 -2"><span class='ocrx_word' id='word_1_182' title='bbox 315 2606 367 2670; x_wconf 90' lang='lat' dir='ltr'><em>De</em></span> <span class='ocrx_word' id='word_1_183' title='bbox 393 2607 572 2672; x_wconf 83' lang='lat' dir='ltr'><em>Turonensi</em></span> <span class='ocrx_word' id='word_1_184' title='bbox 601 2613 705 2672; x_wconf 89' lang='lat' dir='ltr'><em>aulem</em></span> <span class='ocrx_word' id='word_1_185' title='bbox 735 2608 769 2672; x_wconf 78' lang='lat' dir='ltr'><em>S.</em></span> <span class='ocrx_word' id='word_1_186' title='bbox 789 2606 936 2671; x_wconf 89' lang='lat' dir='ltr'><em>Martini</em></span> <span class='ocrx_word' id='word_1_187' title='bbox 964 2606 1094 2671; x_wconf 86' lang='lat' dir='ltr'><em>ecclesia</em></span> <span class='ocrx_word' id='word_1_188' title='bbox 1123 2605 1326 2671; x_wconf 88' lang='lat' dir='ltr'><em>celeberrima</em></span> 
     </span>
     <span class='ocr_line' id='line_1_25' title="bbox 208 2694 1326 2779; baseline 0.001 -21"><span class='ocrx_word' id='word_1_189' title='bbox 208 2715 307 2776; x_wconf 81' lang='lat' dir='ltr'><em>neque</em></span> <span class='ocrx_word' id='word_1_190' title='bbox 347 2697 384 2760; x_wconf 94' lang='lat' dir='ltr'><em>de</em></span> <span class='ocrx_word' id='word_1_191' title='bbox 423 2695 492 2761; x_wconf 89' lang='lat' dir='ltr'><em>alia</em></span> <span class='ocrx_word' id='word_1_192' title='bbox 529 2698 618 2779; x_wconf 88' lang='lat' dir='ltr'><em>apud</em></span> <span class='ocrx_word' id='word_1_193' title='bbox 647 2695 808 2761; x_wconf 87' lang='lat' dir='ltr'><em>Nicetium</em></span> <span class='ocrx_word' id='word_1_194' title='bbox 842 2696 897 2777; x_wconf 79' lang='lat' dir='ltr'><em>api</em></span> <span class='ocrx_word' id='word_1_195' title='bbox 931 2695 1094 2779; x_wconf 72' lang='lat' dir='ltr'><em>iprsamaue</em></span> <span class='ocrx_word' id='word_1_196' title='bbox 1133 2694 1326 2759; x_wconf 90' lang='lat' dir='ltr'><em>sollemniter</em></span> 
     </span>
     <span class='ocr_line' id='line_1_26' title="bbox 213 2783 1371 2868; baseline -0.002 -18"><span class='ocrx_word' id='word_1_197' title='bbox 213 2783 458 2850; x_wconf 84' lang='lat' dir='ltr'><em>Chlodooechum</em></span> <span class='ocrx_word' id='word_1_198' title='bbox 477 2805 580 2866; x_wconf 80' lang='lat' dir='ltr'><em>repom</em></span> <span class='ocrx_word' id='word_1_199' title='bbox 598 2784 718 2849; x_wconf 82' lang='lat' dir='ltr'><em>adiisse</em></span> <span class='ocrx_word' id='word_1_200' title='bbox 733 2806 819 2849; x_wconf 92' lang='lat' dir='ltr'><em>nunc</em></span> <span class='ocrx_word' id='word_1_201' title='bbox 835 2783 904 2868; x_wconf 88' lang='lat' dir='ltr'><em>ipse</em></span> <span class='ocrx_word' id='word_1_202' title='bbox 920 2784 958 2848; x_wconf 89' lang='lat' dir='ltr'><em>L.</em></span> <span class='ocrx_word' id='word_1_203' title='bbox 976 2783 1188 2848; x_wconf 81' lang='lat' dir='ltr'><em>Demaison1⁰</em></span> <span class='ocrx_word' id='word_1_204' title='bbox 1205 2804 1325 2847; x_wconf 89' lang='lat' dir='ltr'><em>mecum</em></span> <span class='ocrx_word' id='word_1_205' title='bbox 1344 2809 1371 2848; x_wconf 79' lang='lat'><em>25</em></span> 
     </span>
     <span class='ocr_line' id='line_1_27' title="bbox 208 2871 1325 2955; baseline -0.004 -16"><span class='ocrx_word' id='word_1_206' title='bbox 208 2873 374 2955; x_wconf 88' lang='lat' dir='ltr'><em>consensit,</em></span> <span class='ocrx_word' id='word_1_207' title='bbox 398 2880 490 2955; x_wconf 79' lang='lat' dir='ltr'><em>atque</em></span> <span class='ocrx_word' id='word_1_208' title='bbox 513 2873 675 2955; x_wconf 76' lang='lat' dir='ltr'><em>plerisque</em></span> <span class='ocrx_word' id='word_1_209' title='bbox 702 2872 769 2937; x_wconf 92' lang='lat' dir='ltr'><em>iam</em></span> <span class='ocrx_word' id='word_1_210' title='bbox 791 2894 982 2955; x_wconf 85' lang='lat' dir='ltr'><em>persuasum</em></span> <span class='ocrx_word' id='word_1_211' title='bbox 1005 2879 1058 2953; x_wconf 90' lang='lat' dir='ltr'><em>est,</em></span> <span class='ocrx_word' id='word_1_212' title='bbox 1089 2878 1204 2936; x_wconf 83' lang='lat' dir='ltr'><em>tentum</em></span> <span class='ocrx_word' id='word_1_213' title='bbox 1233 2871 1325 2935; x_wconf 89' lang='lat' dir='ltr'><em>illum</em></span> 
     </span>
     <span class='ocr_line' id='line_1_28' title="bbox 207 2959 1324 3043; baseline -0.002 -17"><span class='ocrx_word' id='word_1_214' title='bbox 207 2961 337 3026; x_wconf 91' lang='lat' dir='ltr'><em>minime</em></span> <span class='ocrx_word' id='word_1_215' title='bbox 359 2962 590 3027; x_wconf 92' lang='lat' dir='ltr'><em>immutandum</em></span> <span class='ocrx_word' id='word_1_216' title='bbox 613 2983 711 3043; x_wconf 76' lang='lat' dir='ltr'><em>neque</em></span> <span class='ocrx_word' id='word_1_217' title='bbox 734 2963 835 3027; x_wconf 92' lang='lat' dir='ltr'><em>locum</em></span> <span class='ocrx_word' id='word_1_218' title='bbox 857 2963 902 3026; x_wconf 92' lang='lat' dir='ltr'><em>od</em></span> <span class='ocrx_word' id='word_1_219' title='bbox 923 2982 1061 3026; x_wconf 89' lang='lat' dir='ltr'><em>errorem</em></span> <span class='ocrx_word' id='word_1_220' title='bbox 1084 2959 1223 3025; x_wconf 86' lang='lat' dir='ltr'><em>auctoris</em></span> <span class='ocrx_word' id='word_1_221' title='bbox 1245 2961 1324 3038; x_wconf 84' lang='lat' dir='ltr'><em>refe·</em></span> 
     </span>
     <span class='ocr_line' id='line_1_29' title="bbox 208 3047 1325 3130; baseline -0.003 -15"><span class='ocrx_word' id='word_1_222' title='bbox 208 3053 341 3116; x_wconf 90' lang='lat' dir='ltr'><em>rendum</em></span> <span class='ocrx_word' id='word_1_223' title='bbox 379 3073 454 3116; x_wconf 86' lang='lat' dir='ltr'><em>esse.</em></span> <span class='ocrx_word' id='word_1_224' title='bbox 511 3051 649 3115; x_wconf 87' lang='lat' dir='ltr'><em>Interim</em></span> <span class='ocrx_word' id='word_1_225' title='bbox 686 3073 726 3116; x_wconf 93' lang='lat' dir='ltr'><em>ne</em></span> <span class='ocrx_word' id='word_1_226' title='bbox 760 3050 926 3116; x_wconf 87' lang='lat' dir='ltr'><em>Remensis</em></span> <span class='ocrx_word' id='word_1_227' title='bbox 960 3049 1090 3115; x_wconf 89' lang='lat' dir='ltr'><em>ecclesia</em></span> <span class='ocrx_word' id='word_1_228' title='bbox 1125 3047 1230 3130; x_wconf 80' lang='lat' dir='ltr'><em>ploria</em></span> <span class='ocrx_word' id='word_1_229' title='bbox 1264 3070 1325 3112; x_wconf 91' lang='lat' dir='ltr'><em>sua</em></span> 
     </span>
     <span class='ocr_line' id='line_1_30' title="bbox 206 3136 1326 3223; baseline -0.003 -18"><span class='ocrx_word' id='word_1_230' title='bbox 206 3139 427 3223; x_wconf 76' lang='lat' dir='ltr'><em>fraudaretur,</em></span> <span class='ocrx_word' id='word_1_231' title='bbox 450 3140 536 3206; x_wconf 90' lang='lat' dir='ltr'><em>inter</em></span> <span class='ocrx_word' id='word_1_232' title='bbox 551 3140 843 3222; x_wconf 78' lang='lat' dir='ltr'><em>pereprinationem</em></span> <span class='ocrx_word' id='word_1_233' title='bbox 861 3145 890 3203; x_wconf 94' lang='lat' dir='ltr'><em>et</em></span> <span class='ocrx_word' id='word_1_234' title='bbox 908 3139 1095 3220; x_wconf 89' lang='lat' dir='ltr'><em>baptismum</em></span> <span class='ocrx_word' id='word_1_235' title='bbox 1112 3136 1196 3218; x_wconf 79' lang='lat' dir='ltr'><em>repis</em></span> <span class='ocrx_word' id='word_1_236' title='bbox 1218 3158 1326 3202; x_wconf 79' lang='lat' dir='ltr'><em>ornnes</em></span> 
     </span>
     <span class='ocr_line' id='line_1_31' title="bbox 207 3227 1371 3310; baseline -0.001 -19"><span class='ocrx_word' id='word_1_237' title='bbox 207 3227 255 3293; x_wconf 90' lang='lat' dir='ltr'><em>ita</em></span> <span class='ocrx_word' id='word_1_238' title='bbox 278 3229 502 3310; x_wconf 75' lang='lat' dir='ltr'><em>distinxerunt,</em></span> <span class='ocrx_word' id='word_1_239' title='bbox 532 3236 569 3294; x_wconf 93' lang='lat' dir='ltr'><em>ut</em></span> <span class='ocrx_word' id='word_1_240' title='bbox 596 3229 731 3293; x_wconf 86' lang='lat' dir='ltr'><em>diuersis</em></span> <span class='ocrx_word' id='word_1_241' title='bbox 760 3228 837 3294; x_wconf 92' lang='lat' dir='ltr'><em>locis</em></span> <span class='ocrx_word' id='word_1_242' title='bbox 865 3250 903 3292; x_wconf 89' lang='lat' dir='ltr'><em>ea</em></span> <span class='ocrx_word' id='word_1_243' title='bbox 932 3228 1022 3307; x_wconf 75' lang='lat' dir='ltr'><em>facta</em></span> <span class='ocrx_word' id='word_1_244' title='bbox 1051 3248 1116 3291; x_wconf 90' lang='lat' dir='ltr'><em>esse</em></span> <span class='ocrx_word' id='word_1_245' title='bbox 1141 3231 1323 3290; x_wconf 89' lang='lat' dir='ltr'><em>statuerent.</em></span> <span class='ocrx_word' id='word_1_246' title='bbox 1344 3251 1371 3290; x_wconf 83' lang='lat' dir='ltr'><em>so</em></span> 
     </span>
    </p>
   </div>
   <div class='ocr_carea' id='block_1_3' title="bbox 207 3315 1324 3491">
    <p class='ocr_par' dir='ltr' id='par_1_5' title="bbox 207 3315 1324 3491">
     <span class='ocr_line' id='line_1_32' title="bbox 207 3315 1324 3400; baseline -0.003 -19"><span class='ocrx_word' id='word_1_247' title='bbox 207 3317 312 3382; x_wconf 89' lang='lat' dir='ltr'><em>Locus</em></span> <span class='ocrx_word' id='word_1_248' title='bbox 335 3318 486 3400; x_wconf 85' lang='lat' dir='ltr'><em>epistulae</em></span> <span class='ocrx_word' id='word_1_249' title='bbox 502 3317 623 3383; x_wconf 88' lang='lat' dir='ltr'><em>Nicetii</em></span> <span class='ocrx_word' id='word_1_250' title='bbox 646 3317 729 3398; x_wconf 91' lang='lat' dir='ltr'><em>talis,</em></span> <span class='ocrx_word' id='word_1_251' title='bbox 753 3317 860 3398; x_wconf 78' lang='lat' dir='ltr'><em>qualis</em></span> <span class='ocrx_word' id='word_1_252' title='bbox 881 3317 919 3380; x_wconf 88' lang='lat' dir='ltr'><em>in</em></span> <span class='ocrx_word' id='word_1_253' title='bbox 941 3316 1044 3381; x_wconf 91' lang='lat' dir='ltr'><em>codice</em></span> <span class='ocrx_word' id='word_1_254' title='bbox 1065 3315 1159 3380; x_wconf 90' lang='lat' dir='ltr'><em>unico</em></span> <span class='ocrx_word' id='word_1_255' title='bbox 1182 3321 1324 3379; x_wconf 87' lang='lat' dir='ltr'><em>seruatus</em></span> 
     </span>
     <span class='ocr_line' id='line_1_33' title="bbox 207 3402 1324 3491; baseline -0.002 -23"><span class='ocrx_word' id='word_1_256' title='bbox 207 3410 271 3469; x_wconf 86' lang='lat' dir='ltr'><em>est:</em></span> <span class='ocrx_word' id='word_1_257' title='bbox 295 3410 330 3471; x_wconf 82' lang='lat' dir='ltr'><em>et</em></span> <span class='ocrx_word' id='word_1_258' title='bbox 351 3409 524 3490; x_wconf 75' lang='lat' dir='ltr'><em>baptizare</em></span> <span class='ocrx_word' id='word_1_259' title='bbox 542 3429 578 3472; x_wconf 81' lang='lat' dir='ltr'><em>se</em></span> <span class='ocrx_word' id='word_1_260' title='bbox 602 3409 675 3472; x_wconf 84' lang='lat' dir='ltr'><em>sine</em></span> <span class='ocrx_word' id='word_1_261' title='bbox 692 3428 787 3471; x_wconf 85' lang='lat' dir='ltr'><em>mora</em></span> <span class='ocrx_word' id='word_1_262' title='bbox 803 3407 970 3491; x_wconf 73' lang='lat' dir='ltr'><em>promisit,</em></span> <span class='ocrx_word' id='word_1_263' title='bbox 993 3405 1051 3469; x_wconf 93' lang='lat' dir='ltr'><em>hoc</em></span> <span class='ocrx_word' id='word_1_264' title='bbox 1065 3405 1157 3469; x_wconf 88' lang='lat' dir='ltr'><em>uerbo</em></span> <span class='ocrx_word' id='word_1_265' title='bbox 1172 3402 1324 3486; x_wconf 76' lang='lat' dir='ltr'><em>effupium</em></span> 
     </span>
    </p>
   </div>
   <div class='ocr_carea' id='block_1_4' title="bbox 191 3595 1371 4515">
    <p class='ocr_par' dir='ltr' id='par_1_6' title="bbox 191 3595 1371 4515">
     <span class='ocr_line' id='line_1_34' title="bbox 210 3595 1323 3696; baseline -0.003 -47"><span class='ocrx_word' id='word_1_266' title='bbox 210 3597 235 3663; x_wconf 86' lang='lat'><em>1)</em></span> <span class='ocrx_word' id='word_1_267' title='bbox 264 3595 327 3649; x_wconf 73' lang='lat' dir='ltr'><em>Md.</em></span> <span class='ocrx_word' id='word_1_268' title='bbox 347 3597 398 3664; x_wconf 84' lang='lat' dir='ltr'><em>Ep.</em></span> <span class='ocrx_word' id='word_1_269' title='bbox 417 3598 473 3662; x_wconf 89' lang='lat' dir='ltr'><em>III,</em></span> <span class='ocrx_word' id='word_1_270' title='bbox 494 3616 523 3666; x_wconf 92' lang='lat' dir='ltr'><em>p.</em></span> <span class='ocrx_word' id='word_1_271' title='bbox 542 3601 601 3696; x_wconf 62' lang='lat' dir='ltr'><em>mi</em></span> <span class='ocrx_word' id='word_1_272' title='bbox 692 3601 719 3666; x_wconf 85' lang='lat'><em>2)</em></span> <span class='ocrx_word' id='word_1_273' title='bbox 745 3599 831 3663; x_wconf 75' lang='lat' dir='ltr'><em>Fac,</em></span> <span class='ocrx_word' id='word_1_274' title='bbox 855 3598 927 3652; x_wconf 82' lang='lat' dir='ltr'><em>Hist.</em></span> <span class='ocrx_word' id='word_1_275' title='bbox 946 3599 1020 3652; x_wconf 86' lang='lat' dir='ltr'><em>Rem.</em></span> <span class='ocrx_word' id='word_1_276' title='bbox 1040 3599 1079 3661; x_wconf 90' lang='lat' dir='ltr'><em>II,</em></span> <span class='ocrx_word' id='word_1_277' title='bbox 1100 3600 1133 3652; x_wconf 88' lang='grc'><em>19</em></span> <span class='ocrx_word' id='word_1_278' title='bbox 1158 3597 1219 3662; x_wconf 85' lang='lat' dir='ltr'><em>(SS.</em></span> <span class='ocrx_word' id='word_1_279' title='bbox 1238 3595 1323 3694; x_wconf 59' lang='grc' dir='ltr'><strong><em>ΧΙΙζ,</em></strong></span> 
     </span>
     <span class='ocr_line' id='line_1_35' title="bbox 447 3668 1187 3700; baseline -0.004 0"><span class='ocrx_word' id='word_1_280' title='bbox 447 3676 454 3700; x_wconf 72' lang='lat' dir='ltr'><em>t</em></span> <span class='ocrx_word' id='word_1_281' title='bbox 880 3687 887 3699; x_wconf 82' lang='grc'><strong>.</strong></span> <span class='ocrx_word' id='word_1_282' title='bbox 943 3675 948 3685; x_wconf 88' lang='lat'>¹</span> <span class='ocrx_word' id='word_1_283' title='bbox 1106 3672 1113 3697; x_wconf 82' lang='lat' dir='ltr'><em>t</em></span> <span class='ocrx_word' id='word_1_284' title='bbox 1179 3668 1187 3692; x_wconf 66' lang='grc' dir='ltr'><em>θ</em></span> 
     </span>
     <span class='ocr_line' id='line_1_36' title="bbox 203 3668 1371 3807; baseline 0 -16"><span class='ocrx_word' id='word_1_285' title='bbox 203 3682 235 3803; x_wconf 65' lang='lat' dir='ltr'><em>l)</em></span> <span class='ocrx_word' id='word_1_286' title='bbox 252 3668 587 3805; x_wconf 53' lang='lat' dir='ltr'><em>iliandulh‘lli&#39;</em></span> <span class='ocrx_word' id='word_1_287' title='bbox 598 3669 1324 3807; x_wconf 37' lang='lat' dir='ltr'><em>siddimi,ll.41&#39;4dluhllichircddmllidiiui</em></span> <span class='ocrx_word' id='word_1_288' title='bbox 1343 3752 1371 3791; x_wconf 71' lang='lat' dir='ltr'><em>ss</em></span> 
     </span>
     <span class='ocr_line' id='line_1_37' title="bbox 207 3808 1322 3878; baseline 0.004 -20"><span class='ocrx_word' id='word_1_289' title='bbox 207 3808 343 3860; x_wconf 82' lang='lat' dir='ltr'><em>Rmncnsis</em></span> <span class='ocrx_word' id='word_1_290' title='bbox 354 3809 469 3862; x_wconf 85' lang='lat' dir='ltr'><em>historia</em></span> <span class='ocrx_word' id='word_1_291' title='bbox 479 3812 503 3875; x_wconf 87' lang='lat'><em>1,</em></span> <span class='ocrx_word' id='word_1_292' title='bbox 514 3828 544 3878; x_wconf 84' lang='lat' dir='ltr'><em>p.</em></span> <span class='ocrx_word' id='word_1_293' title='bbox 559 3815 618 3867; x_wconf 82' lang='lat'><em>157.</em></span> <span class='ocrx_word' id='word_1_294' title='bbox 668 3814 694 3878; x_wconf 89' lang='grc'><em>6)</em></span> <span class='ocrx_word' id='word_1_295' title='bbox 710 3813 746 3866; x_wconf 87' lang='grc' dir='ltr'><em>Η.</em></span> <span class='ocrx_word' id='word_1_296' title='bbox 764 3813 893 3875; x_wconf 87' lang='lat' dir='ltr'><em>Valesius,</em></span> <span class='ocrx_word' id='word_1_297' title='bbox 906 3813 959 3864; x_wconf 85' lang='lat' dir='ltr'><em>Res</em></span> <span class='ocrx_word' id='word_1_298' title='bbox 971 3813 1119 3863; x_wconf 78' lang='lat' dir='ltr'><em>Francicus</em></span> <span class='ocrx_word' id='word_1_299' title='bbox 1127 3812 1152 3876; x_wconf 88' lang='lat' dir='ltr'><em>I,</em></span> <span class='ocrx_word' id='word_1_300' title='bbox 1165 3827 1195 3876; x_wconf 90' lang='lat' dir='ltr'><em>p.</em></span> <span class='ocrx_word' id='word_1_301' title='bbox 1208 3813 1322 3875; x_wconf 65' lang='lat' dir='ltr'><em>eseiae.</em></span> 
     </span>
     <span class='ocr_line' id='line_1_38' title="bbox 209 3878 1322 3950; baseline -0.001 -16"><span class='ocrx_word' id='word_1_302' title='bbox 209 3880 236 3946; x_wconf 79' lang='lat'><em>7)</em></span> <span class='ocrx_word' id='word_1_303' title='bbox 255 3878 386 3945; x_wconf 74' lang='lat' dir='ltr'><em>Rottberp,</em></span> <span class='ocrx_word' id='word_1_304' title='bbox 400 3881 612 3948; x_wconf 80' lang='lat' dir='ltr'><em>‘Kirchcnpesch</em></span> <span class='ocrx_word' id='word_1_305' title='bbox 624 3883 767 3938; x_wconf 86' lang='lat' dir='ltr'><em>Deutschl.&#39;</em></span> <span class='ocrx_word' id='word_1_306' title='bbox 780 3882 805 3946; x_wconf 92' lang='lat' dir='ltr'><em>I,</em></span> <span class='ocrx_word' id='word_1_307' title='bbox 823 3901 850 3950; x_wconf 89' lang='lat' dir='ltr'><em>p.</em></span> <span class='ocrx_word' id='word_1_308' title='bbox 864 3886 924 3938; x_wconf 79' lang='lat'><em>276.</em></span> <span class='ocrx_word' id='word_1_309' title='bbox 979 3884 1008 3950; x_wconf 79' lang='lat'><em>8)</em></span> <span class='ocrx_word' id='word_1_310' title='bbox 1027 3883 1126 3934; x_wconf 87' lang='lat' dir='ltr'><em>Hunclc</em></span> <span class='ocrx_word' id='word_1_311' title='bbox 1138 3883 1154 3936; x_wconf 90' lang='lat' dir='ltr'><em>l.</em></span> <span class='ocrx_word' id='word_1_312' title='bbox 1169 3883 1186 3934; x_wconf 91' lang='lat' dir='ltr'><em>l.</em></span> <span class='ocrx_word' id='word_1_313' title='bbox 1202 3898 1231 3947; x_wconf 93' lang='lat' dir='ltr'><em>p.</em></span> <span class='ocrx_word' id='word_1_314' title='bbox 1246 3883 1297 3935; x_wconf 85' lang='lat'><em>108</em></span> <span class='ocrx_word' id='word_1_315' title='bbox 1307 3883 1322 3933; x_wconf 90' lang='lat'><em>¹.</em></span> 
     </span>
     <span class='ocr_line' id='line_1_39' title="bbox 209 3948 1322 4020; baseline 0.001 -20"><span class='ocrx_word' id='word_1_316' title='bbox 209 3951 236 4018; x_wconf 88' lang='lat'><em>9)</em></span> <span class='ocrx_word' id='word_1_317' title='bbox 258 3948 414 4016; x_wconf 74' lang='lat' dir='ltr'><em>Junphaus,</em></span> <span class='ocrx_word' id='word_1_318' title='bbox 434 3952 493 4004; x_wconf 83' lang='lat' dir='ltr'><em>‘Die</em></span> <span class='ocrx_word' id='word_1_319' title='bbox 513 3955 602 4008; x_wconf 81' lang='lat' dir='ltr'><em>Gesch.</em></span> <span class='ocrx_word' id='word_1_320' title='bbox 622 3956 648 4008; x_wconf 88' lang='lat' dir='ltr'><em>d.</em></span> <span class='ocrx_word' id='word_1_321' title='bbox 666 3956 760 4020; x_wconf 69' lang='lat' dir='ltr'><em>scdulo,</em></span> <span class='ocrx_word' id='word_1_322' title='bbox 780 3954 885 4020; x_wconf 74' lang='lat' dir='ltr'><em>Kinipe</em></span> <span class='ocrx_word' id='word_1_323' title='bbox 905 3954 1055 4006; x_wconf 81' lang='lat' dir='ltr'><em>Chitderich</em></span> <span class='ocrx_word' id='word_1_324' title='bbox 1073 3955 1130 4004; x_wconf 92' lang='lat' dir='ltr'><em>und</em></span> <span class='ocrx_word' id='word_1_325' title='bbox 1147 3952 1322 4016; x_wconf 84' lang='lat' dir='ltr'><em>Ghtodooech&#39;,</em></span> 
     </span>
     <span class='ocr_line' id='line_1_40' title="bbox 210 4022 1322 4092; baseline 0 -19"><span class='ocrx_word' id='word_1_326' title='bbox 210 4022 350 4087; x_wconf 76' lang='lat' dir='ltr'><em>Gottinpac</em></span> <span class='ocrx_word' id='word_1_327' title='bbox 369 4025 446 4087; x_wconf 82' lang='lat'><em>1857,</em></span> <span class='ocrx_word' id='word_1_328' title='bbox 464 4040 491 4089; x_wconf 90' lang='lat' dir='ltr'><em>p.</em></span> <span class='ocrx_word' id='word_1_329' title='bbox 505 4027 547 4078; x_wconf 76' lang='lat'><em>57.</em></span> <span class='ocrx_word' id='word_1_330' title='bbox 621 4026 665 4092; x_wconf 86' lang='lat'><em>10)</em></span> <span class='ocrx_word' id='word_1_331' title='bbox 687 4026 839 4090; x_wconf 90' lang='lat' dir='ltr'><em>Demaison,</em></span> <span class='ocrx_word' id='word_1_332' title='bbox 859 4026 905 4077; x_wconf 81' lang='lat' dir='ltr'><em>‘Le</em></span> <span class='ocrx_word' id='word_1_333' title='bbox 922 4027 975 4077; x_wconf 86' lang='lat' dir='ltr'><em>lieu</em></span> <span class='ocrx_word' id='word_1_334' title='bbox 993 4027 1029 4075; x_wconf 90' lang='lat' dir='ltr'><em>du</em></span> <span class='ocrx_word' id='word_1_335' title='bbox 1048 4025 1162 4090; x_wconf 76' lang='lat' dir='ltr'><em>baptimo</em></span> <span class='ocrx_word' id='word_1_336' title='bbox 1180 4025 1211 4074; x_wconf 89' lang='lat' dir='ltr'><em>de</em></span> <span class='ocrx_word' id='word_1_337' title='bbox 1227 4023 1322 4074; x_wconf 79' lang='lat' dir='ltr'><em>Cloois’</em></span> 
     </span>
     <span class='ocr_line' id='line_1_41' title="bbox 208 4093 1370 4163; baseline -0.001 -19"><span class='ocrx_word' id='word_1_338' title='bbox 208 4094 281 4161; x_wconf 87' lang='lat' dir='ltr'><em>apud</em></span> <span class='ocrx_word' id='word_1_339' title='bbox 301 4093 332 4147; x_wconf 73' lang='lat' dir='ltr'><em>d.</em></span> <span class='ocrx_word' id='word_1_340' title='bbox 352 4093 446 4144; x_wconf 86' lang='lat' dir='ltr'><em>Kurth</em></span> <span class='ocrx_word' id='word_1_341' title='bbox 464 4095 480 4148; x_wconf 90' lang='lat' dir='ltr'><em>l.</em></span> <span class='ocrx_word' id='word_1_342' title='bbox 499 4096 516 4148; x_wconf 90' lang='lat' dir='ltr'><em>l.</em></span> <span class='ocrx_word' id='word_1_343' title='bbox 536 4096 575 4160; x_wconf 86' lang='lat' dir='ltr'><em>II,</em></span> <span class='ocrx_word' id='word_1_344' title='bbox 598 4113 627 4163; x_wconf 90' lang='lat' dir='ltr'><em>p.</em></span> <span class='ocrx_word' id='word_1_345' title='bbox 641 4096 718 4151; x_wconf 82' lang='lat'><em>310².</em></span> <span class='ocrx_word' id='word_1_346' title='bbox 755 4097 853 4148; x_wconf 81' lang='lat' dir='ltr'><em>Editor</em></span> <span class='ocrx_word' id='word_1_347' title='bbox 877 4111 938 4148; x_wconf 86' lang='lat' dir='ltr'><em>cero</em></span> <span class='ocrx_word' id='word_1_348' title='bbox 963 4096 1045 4146; x_wconf 84' lang='lat' dir='ltr'><em>huius</em></span> <span class='ocrx_word' id='word_1_349' title='bbox 1070 4095 1175 4159; x_wconf 84' lang='lat' dir='ltr'><em>tibriI,</em></span> <span class='ocrx_word' id='word_1_350' title='bbox 1199 4110 1227 4160; x_wconf 92' lang='lat' dir='ltr'><em>p.</em></span> <span class='ocrx_word' id='word_1_351' title='bbox 1243 4093 1321 4158; x_wconf 75' lang='lat'><em>324²,</em></span> <span class='ocrx_word' id='word_1_352' title='bbox 1342 4107 1370 4144; x_wconf 78' lang='grc' dir='ltr'><em>4ο</em></span> 
     </span>
     <span class='ocr_line' id='line_1_42' title="bbox 208 4164 1323 4233; baseline 0.001 -19"><span class='ocrx_word' id='word_1_353' title='bbox 208 4165 239 4215; x_wconf 91' lang='lat' dir='ltr'><em>de</em></span> <span class='ocrx_word' id='word_1_354' title='bbox 256 4167 350 4217; x_wconf 86' lang='lat' dir='ltr'><em>itinere</em></span> <span class='ocrx_word' id='word_1_355' title='bbox 367 4165 415 4216; x_wconf 85' lang='lat' dir='ltr'><em>illo</em></span> <span class='ocrx_word' id='word_1_356' title='bbox 432 4164 504 4216; x_wconf 86' lang='lat' dir='ltr'><em>nihil</em></span> <span class='ocrx_word' id='word_1_357' title='bbox 520 4167 630 4230; x_wconf 83' lang='lat' dir='ltr'><em>definire</em></span> <span class='ocrx_word' id='word_1_358' title='bbox 647 4169 737 4233; x_wconf 89' lang='lat' dir='ltr'><em>coluit,</em></span> <span class='ocrx_word' id='word_1_359' title='bbox 756 4169 848 4220; x_wconf 87' lang='lat' dir='ltr'><em>silente</em></span> <span class='ocrx_word' id='word_1_360' title='bbox 860 4167 990 4232; x_wconf 79' lang='lat' dir='ltr'><em>Grcporio</em></span> <span class='ocrx_word' id='word_1_361' title='bbox 1004 4181 1053 4216; x_wconf 88' lang='lat' dir='ltr'><em>suo</em></span> <span class='ocrx_word' id='word_1_362' title='bbox 1069 4166 1199 4229; x_wconf 83' lang='lat' dir='ltr'><em>fabuloso,</em></span> <span class='ocrx_word' id='word_1_363' title='bbox 1217 4181 1323 4230; x_wconf 77' lang='lat' dir='ltr'><em>ronique</em></span> 
     </span>
     <span class='ocr_line' id='line_1_43' title="bbox 208 4237 1323 4304; baseline 0.001 -18"><span class='ocrx_word' id='word_1_364' title='bbox 208 4237 238 4286; x_wconf 87' lang='lat' dir='ltr'><em>in</em></span> <span class='ocrx_word' id='word_1_365' title='bbox 262 4237 342 4286; x_wconf 89' lang='lat' dir='ltr'><em>dubio</em></span> <span class='ocrx_word' id='word_1_366' title='bbox 367 4237 516 4302; x_wconf 81' lang='lat' dir='ltr'><em>relinquere</em></span> <span class='ocrx_word' id='word_1_367' title='bbox 540 4239 645 4304; x_wconf 87' lang='lat' dir='ltr'><em>maluit,</em></span> <span class='ocrx_word' id='word_1_368' title='bbox 671 4240 720 4290; x_wconf 86' lang='lat' dir='ltr'><em>etsi</em></span> <span class='ocrx_word' id='word_1_369' title='bbox 742 4240 799 4289; x_wconf 86' lang='lat' dir='ltr'><em>ocri</em></span> <span class='ocrx_word' id='word_1_370' title='bbox 822 4255 876 4290; x_wconf 93' lang='lat' dir='ltr'><em>non</em></span> <span class='ocrx_word' id='word_1_371' title='bbox 901 4238 1029 4289; x_wconf 82' lang='lat' dir='ltr'><em>dissimile</em></span> <span class='ocrx_word' id='word_1_372' title='bbox 1053 4253 1105 4288; x_wconf 88' lang='lat' dir='ltr'><em>esse</em></span> <span class='ocrx_word' id='word_1_373' title='bbox 1129 4238 1260 4300; x_wconf 82' lang='lat' dir='ltr'><em>concessit,</em></span> <span class='ocrx_word' id='word_1_374' title='bbox 1287 4237 1323 4287; x_wconf 88' lang='lat' dir='ltr'><em>ad</em></span> 
     </span>
     <span class='ocr_line' id='line_1_44' title="bbox 207 4307 1323 4376; baseline 0.001 -20"><span class='ocrx_word' id='word_1_375' title='bbox 207 4307 376 4372; x_wconf 78' lang='lat' dir='ltr'><em>sepulchrum</em></span> <span class='ocrx_word' id='word_1_376' title='bbox 394 4308 422 4359; x_wconf 82' lang='lat' dir='ltr'><em>S.</em></span> <span class='ocrx_word' id='word_1_377' title='bbox 435 4308 553 4358; x_wconf 85' lang='lat' dir='ltr'><em>Martini</em></span> <span class='ocrx_word' id='word_1_378' title='bbox 572 4308 723 4360; x_wconf 86' lang='lat' dir='ltr'><em>Turonense</em></span> <span class='ocrx_word' id='word_1_379' title='bbox 739 4324 825 4374; x_wconf 71' lang='lat' dir='ltr'><em>repom</em></span> <span class='ocrx_word' id='word_1_380' title='bbox 846 4311 1050 4376; x_wconf 76' lang='lat' dir='ltr'><em>percprinatum</em></span> <span class='ocrx_word' id='word_1_381' title='bbox 1074 4323 1133 4361; x_wconf 86' lang='lat' dir='ltr'><em>esse.</em></span> <span class='ocrx_word' id='word_1_382' title='bbox 1170 4308 1323 4358; x_wconf 80' lang='lat' dir='ltr'><em>Admircris</em></span> 
     </span>
     <span class='ocr_line' id='line_1_45' title="bbox 191 4378 1323 4445; baseline 0.002 -18"><span class='ocrx_word' id='word_1_383' title='bbox 191 4392 262 4428; x_wconf 76' lang='lat' dir='ltr'><em>non</em></span> <span class='ocrx_word' id='word_1_384' title='bbox 286 4383 342 4428; x_wconf 84' lang='lat' dir='ltr'><em>tam</em></span> <span class='ocrx_word' id='word_1_385' title='bbox 365 4380 537 4430; x_wconf 88' lang='lat' dir='ltr'><em>concessionis</em></span> <span class='ocrx_word' id='word_1_386' title='bbox 555 4381 763 4445; x_wconf 77' lang='lat' dir='ltr'><em>mupnttndtncm</em></span> <span class='ocrx_word' id='word_1_387' title='bbox 782 4395 862 4445; x_wconf 81' lang='lat' dir='ltr'><em>quam</em></span> <span class='ocrx_word' id='word_1_388' title='bbox 885 4378 1027 4444; x_wconf 72' lang='lat' dir='ltr'><em>umboaum</em></span> <span class='ocrx_word' id='word_1_389' title='bbox 1051 4378 1151 4444; x_wconf 81' lang='lat' dir='ltr'><em>moiun,</em></span> <span class='ocrx_word' id='word_1_390' title='bbox 1178 4394 1232 4444; x_wconf 82' lang='lat' dir='ltr'><em>qua</em></span> <span class='ocrx_word' id='word_1_391' title='bbox 1257 4393 1323 4444; x_wconf 86' lang='lat' dir='ltr'><em>opus</em></span> 
     </span>
     <span class='ocr_line' id='line_1_46' title="bbox 207 4448 1370 4515; baseline 0.003 -17"><span class='ocrx_word' id='word_1_392' title='bbox 207 4453 267 4498; x_wconf 84' lang='lat' dir='ltr'><em>erat</em></span> <span class='ocrx_word' id='word_1_393' title='bbox 285 4448 322 4498; x_wconf 90' lang='lat' dir='ltr'><em>ad</em></span> <span class='ocrx_word' id='word_1_394' title='bbox 342 4449 467 4515; x_wconf 70' lang='lat' dir='ltr'><em>(liconii</em></span> <span class='ocrx_word' id='word_1_395' title='bbox 484 4453 668 4502; x_wconf 83' lang='lat' dir='ltr'><em>auctoritatem</em></span> <span class='ocrx_word' id='word_1_396' title='bbox 686 4450 866 4502; x_wconf 83' lang='lat' dir='ltr'><em>seruandam!</em></span> <span class='ocrx_word' id='word_1_397' title='bbox 1341 4463 1370 4502; x_wconf 71' lang='lat'><em>45</em></span> 
     </span>
    </p>
   </div>
   <div class='ocr_carea' id='block_1_5' title="bbox 0 0 1494 4928">
    <p class='ocr_par' dir='ltr' id='par_1_7' title="bbox 0 0 1494 4928">
     <span class='ocr_line' id='line_1_47' title="bbox 0 0 1494 4928; baseline 0 0"><span class='ocrx_word' id='word_1_398' title='bbox 0 0 1494 4928; x_wconf 95' lang='lat' dir='ltr'><em> </em></span> 
     </span>
    </p>
   </div>
  </div>
 </body>
</html>
