2978 4928
377 395 502 464 IONAS,
516 395 637 451 VITAE
656 395 883 451 COLUMBANI
901 395 1009 452 LIBRI
1027 395 1067 453 II.
1248 401 1282 455 59

171 578 361 643 Oolumbano
373 578 541 660 disputans
552 575 632 658 (IV,
645 580 703 661 36)
717 576 792 641 libri
801 577 927 658 prioris
942 599 967 642 c.
982 583 1119 641 18—20.
1133 599 1283 660 mapnam

158 672 285 749 partem
308 669 500 732 adverbum
523 665 697 748 exscripsit.
740 665 806 731 Hic
829 672 933 730 autem
956 666 1035 730 liber
1057 673 1093 730 ut
1114 674 1188 732 ante
1210 667 1283 731 alte·

165 777 236 819 rum
259 757 419 820 absolutus
442 754 483 820 sit
505 777 627 820 necesse
649 761 701 834 est,
732 753 780 818 ita
802 775 941 819 seorsum
964 755 1067 819 editus
1089 776 1154 819 esse
1171 762 1282 836 potest.

165 844 251 908 Eum
287 843 325 908 in
362 844 468 924 capita
507 845 608 909 Ionas
649 842 729 908 satis
766 843 961 925 neplepenter
998 843 1164 924 diuiserat,
1207 866 1283 908 nam

134 933 335 998 claterculus
372 932 509 1013 capitum
540 931 869 1013 praesanptionesque
905 931 1018 996 iisdem
1052 932 1175 997 mendis
1210 953 1284 1014 pra-

165 1021 305 1086 vissimis
327 1020 499 1102 inquinato
522 1027 604 1086 sunt.
643 1022 757 1101 Itaque
780 1022 824 1085 od
843 1018 976 1085 Sinilem
999 1022 1140 1085 abbatem
1165 1020 1283 1086 Colum·

166 1111 283 1174 banum
306 1109 472 1174 aduenisse
493 1110 531 1174 in
554 1110 642 1174 titulo
666 1132 690 1174 c.
708 1116 739 1172 4.
764 1108 929 1189 contendit,
961 1111 1036 1173 dum
1059 1109 1171 1193 potius
1199 1109 1284 1175 Gom-

165 1198 289 1281 mopelll
311 1219 424 1263 nomen
442 1198 479 1261 in
497 1204 582 1263 lectu
600 1197 723 1280 lepilur,
748 1234 791 1242 —
814 1198 851 1262 in
874 1204 967 1278 caput
989 1197 1073 1262 enim
1091 1201 1285 1279 praecedens

167 1290 380 1366 aberraverat,
416 1323 459 1330 —
492 1286 696 1368 ultimumque
731 1308 756 1351 c.
782 1294 832 1350 30.
870 1285 997 1351 omnino
1029 1287 1285 1368 praetermisisse

122 1402 148 1439 ιο
166 1375 298 1456 ridetur,
329 1397 398 1440 cum
429 1375 555 1439 diuersa
584 1375 620 1439 in
643 1375 779 1457 sinpulis
802 1375 959 1440 codicibus
985 1375 1187 1459 praescripta
1209 1376 1284 1441 sint.

166 1464 217 1528 De
244 1466 308 1543 fide
335 1485 407 1528 uero
431 1463 576 1529 laterculi
605 1463 747 1529 dubitari
776 1463 831 1527 aiu
860 1463 938 1543 licet,
970 1485 1039 1528 cum
1069 1464 1098 1528 is
1127 1485 1216 1546 quem
1247 1465 1284 1529 V.

167 1552 327 1617 lobannis
352 1554 453 1617 Ionas
478 1552 650 1635 praemisit
677 1555 781 1617 eodem
811 1552 938 1617 dicendi
963 1574 1076 1634 ponere
1100 1553 1286 1637 compositus

167 1641 218 1705 sit.
271 1641 419 1723 Denique
453 1641 599 1706 camnine
628 1663 708 1722 quae
739 1641 856 1705 librum
884 1640 1027 1722 primam
1056 1642 1286 1722 subsequuntur

166 1730 332 1795 monacbis
360 1725 416 1794 aut
445 1729 658 1795 Bobiensibus
687 1737 744 1794 aut
772 1729 1025 1794 Luaooicnsibus
1059 1737 1115 1794 out
1144 1731 1286 1812 utrisque

123 1843 150 1882 ιο
166 1839 324 1899 unumque
350 1825 424 1901 post
445 1820 578 1883 alterum
601 1821 641 1882 ab
664 1823 790 1882 auctore
813 1818 1004 1883 transmisso
1027 1840 1099 1899 esse,
1128 1840 1166 1882 ea
1189 1840 1286 1902 prae-

167 1907 391 1988 scriptionibus
414 1907 530 1972 codicis
552 1907 586 1971 B
606 1909 640 1971 lb
665 1906 831 1987 callipilar.

279 1997 389 2060 Totam
410 1998 511 2061 Ionae
534 2016 613 2078 opus
635 1996 723 2060 baud
744 1995 835 2059 multi
858 1995 978 2059 codices
1000 1995 1146 2059 ealribent
1167 1996 1285 2060 nullus-

168 2105 226 2165 que
248 2084 305 2164 ita,
329 2091 365 2148 ut
386 2091 496 2149 auctor
512 2084 596 2149 illud
612 2084 818 2165 disposuerat,
843 2085 962 2148 duobus
980 2083 1073 2147 libris
1091 2083 1284 2148 distinctum.

176 2172 250 2237 Vita
284 2172 471 2238 Columbani
499 2173 537 2238 in
560 2173 714 2254 plurimis
743 2172 900 2237 codicibus
931 2172 1042 2253 optime
1072 2172 1193 2236 tradila
1222 2180 1286 2255 est,·

123 2285 150 2324 eo
169 2261 302 2326 alterum
318 2269 421 2326 autem
437 2262 552 2326 librum
571 2262 670 2343 pauci
684 2267 806 2326 tantum
826 2261 1001 2344 perfeclum
1022 2261 1182 2326 continent
1200 2261 1286 2342 iique
1351 2334 1356 2346 1

165 2349 317 2433 proxima
339 2349 502 2430 affinitate
524 2351 608 2414 inter
630 2372 663 2415 se
694 2349 854 2415 coniuncti
876 2352 916 2415 ab
940 2351 1028 2414 baud
1048 2349 1096 2413 ila
1118 2349 1286 2431 multiplici

170 2438 293 2519 oripine
316 2439 378 2502 orti
407 2439 555 2503 uidentur
577 2461 650 2504 esse.
697 2438 786 2503 Huic
814 2438 894 2503 libro
925 2439 1044 2520 intepre
1073 2441 1286 2504 conseruando

168 2526 205 2591 id
226 2527 379 2591 obstitisse
393 2527 574 2607 existimem,
598 2530 682 2609 quod
703 2549 754 2592 res
777 2550 798 2592 a
816 2528 1027 2609 compluribus
1046 2527 1167 2592 sanctis
1182 2534 1287 2608 pestus

169 2615 385 2696 miraculaque
409 2616 544 2681 dirersis
562 2616 639 2681 locis
655 2623 790 2698 patrata
806 2616 926 2698 inipso
943 2616 1152 2681 coniun-uerat
1166 2623 1284 2681 arcator.

124 2726 151 2766 es
169 2704 225 2767 Ita
247 2703 331 2768 enim
346 2704 468 2783 factum
483 2711 536 2786 esl,
560 2711 595 2768 ut
609 2726 698 2786 quem
714 2705 844 2785 quisque
858 2705 996 2770 manime
1012 2706 1128 2770 colebat
1143 2711 1286 2769 sanclum

169 2814 238 2856 eum
253 2793 316 2857 sibi
331 2792 457 2873 eliperet
471 2793 674 2875 sinpulasaue
690 2801 870 2857 sauctorum
889 2793 988 2874 Vitas,
1005 2793 1123 2859 scilicet
1136 2794 1283 2876 Atbalae,

169 2881 326 2962 Eustasii,
351 2882 634 2963 Burpuudofarae,
658 2883 706 2946 ael
730 2882 839 2962 potius
861 2882 1019 2946 miracula
1042 2881 1284 2964 Enoriacensia,

169 2969 318 3050 Bertulri,
343 2969 474 3034 librarii
496 2991 636 3035 seorsum
659 2970 875 3050 describerent,
903 2970 1052 3034 dissoluto
1075 2970 1164 3033 libro.
1212 2970 1286 3034 Vita

169 3058 303 3139 denique
330 3058 518 3123 Columbani
539 3058 793 3123 retractationem
823 3057 919 3122 subiit
946 3060 1049 3139 lenem,
1080 3059 1163 3122 rende
1193 3057 1286 3122 binae

125 3145 309 3211 arcadicum
344 3147 459 3211 classes
493 3146 734 3229 distinpuendae
768 3153 857 3227 sant,
896 3152 1142 3227 retractataeque
1177 3146 1286 3226 optimi

169 3237 257 3316 apud
271 3235 373 3299 Italos
388 3242 603 3300 asservantur.
647 3235 775 3299 Codices
796 3235 844 3299 ito
868 3233 1029 3316 descripsi,
1053 3241 1184 3315 reiquae
1203 3234 1287 3299 inler

169 3323 311 3404 sinpulos
343 3323 590 3405 uniuscuiusque
617 3323 729 3390 classis
758 3323 951 3389 necessitudo
981 3322 1185 3388 intercederet
1214 3344 1286 3387 mou

169 3410 393 3492 inquireretur,
425 3414 498 3477 dum
528 3414 565 3477 de
597 3413 721 3478 ratione
744 3419 835 3494 atque
858 3412 1042 3477 auctoritate
1065 3412 1215 3477 classium
1239 3414 1286 3477 dc·

170 3499 298 3581 scriptis
320 3500 413 3564 libris
435 3501 566 3566 dissero.

125 3610 151 3650 a
276 3589 397 3653 Eodem
425 3590 494 3669 fere
523 3596 657 3672 lempore
686 3611 746 3672 quo
775 3590 900 3671 atriano
930 3590 965 3653 V.
995 3586 1183 3655 Columboni
1206 3590 1286 3655 libro

67 3747 70 3752 ,
169 3679 358 3742 recensendo
387 3699 514 3759 operam
544 3680 691 3743 dederam
713 3678 812 3742 solius
835 3677 961 3759 prioris
995 3680 1114 3743 codices
1147 3679 1183 3743 in
1215 3678 1286 3760 ipsa

170 3765 273 3830 sancli
297 3765 411 3846 patria
440 3767 637 3848 collipendos,
667 3766 907 3845 euanrinandos,
939 3767 1126 3848 dipereudos
1154 3767 1288 3847 suscepit

170 3855 216 3918 H.
249 3855 285 3920 J.
318 3856 451 3919 Loulor
483 3855 536 3918 air
566 3855 776 3935 doctissimus,
812 3876 905 3936 aepre
938 3855 1059 3935 ferens,
1095 3855 1287 3920 celeberrimi

164 3943 334 4024 popularis
363 3943 414 4007 sui
444 3964 495 4008 res
520 3950 625 4024 pestus
653 3945 793 4008 nondum
823 3944 867 4007 ad
893 3944 997 4023 fontes
1026 3943 1156 4024 optimos
1185 3943 1287 4008 editas

125 4053 152 4091 ιο
170 4053 243 4111 esse,
277 4038 369 4113 alque
402 4052 466 4113 qua
499 4031 610 4096 melior
643 4052 750 4096 rerum
784 4033 860 4095 orda
888 4038 1144 4112 praepararetur
1174 4032 1286 4097 disser-

171 4119 341 4184 tationem1
371 4141 458 4185 anno
486 4127 560 4201 post
588 4119 712 4204 publici
740 4119 826 4190 iuris
854 4119 938 4200 fecit,
974 4140 1069 4200 auam
1099 4119 1194 4184 editio
1216 4141 1287 4184 urea

171 4274 198 4345 1)
216 4275 253 4331 H.
273 4276 301 4330 J.
320 4276 438 4341 Lamlor,
463 4277 531 4329 ‘The
552 4277 737 4342 Manumrr'pls
762 4277 795 4340 of
817 4276 859 4328 the
884 4276 946 4326 Vita
969 4275 996 4326 S.
1017 4274 1185 4326 Columbanl'
1203 4275 1286 4340 (rme

175 4346 367 4399 Transactians
384 4348 418 4411 of
431 4347 475 4399 tlu
492 4348 582 4412 Royal
598 4347 675 4399 Irisb
692 4347 835 4413 Academp,
860 4347 915 4398 Vol.
934 4345 1059 4408 XXXII,
1079 4345 1143 4400 Seot.
1164 4346 1193 4407 0,
1213 4347 1241 4398 P.
1262 4345 1285 4410 Ι,

171 4417 280 4484 Dubliu,
300 4418 380 4485 June,
401 4417 501 4481 1903’).
