2978 4928
153 309 189 361 44
366 303 492 373 IONAS,
504 302 625 358 VITAE
643 303 871 359 COLUMBANI
887 304 998 359 LIBRI
1015 304 1056 360 Π.

260 488 362 551 Ertat
390 485 666 569 Buryundofaroe
694 487 930 551 testamentum¹
960 509 991 551 a.
1023 487 1059 548 V.
1084 486 1269 568 Daaoberti,

154 575 177 639 i.
202 598 226 639 e.
252 582 326 638 627.
345 597 379 655 ro.
409 575 499 656 aar„
523 577 553 640 d.
579 576 659 639 VII.
685 576 765 639 Kal.
791 577 871 638 Noa
896 576 1013 655 datum,
1038 581 1142 640 actum
1165 582 1270 640 antem

154 667 184 728 d.
210 665 290 728 VII.
308 665 360 728 Id.
381 665 514 744 Octobr„
538 686 598 744 quo
621 664 812 728 monasterio
827 663 1039 728 Ecoriacensi
1061 664 1098 728 in
1121 662 1271 730 honorem

154 753 288 817 Mariae
303 759 333 817 et
347 753 437 817 Petri
460 753 638 833 aedificata,
662 775 731 817 cum
753 752 800 817 ibi
822 751 964 816 residens
986 752 1068 817 diem
1090 773 1272 834 supremum

153 848 343 923 erpectaret,
382 863 463 922 quas
500 864 538 905 erc
575 840 747 907 hereditate
781 847 921 922 paterno
958 847 1054 905 antea
1091 841 1303 910 tradiderats

147 931 362 1012 possessiones
384 933 590 1008 confirmasse
611 931 725 1009 fertur.
764 930 921 994 Formnla
936 929 1062 1010 uiridem
1080 929 1164 995 ceris
1180 937 1275 1016 testa-¹

153 1019 267 1084 mentis
289 1041 354 1083 nou
377 1018 533 1083 admittitis
555 1025 608 1098 est,
633 1019 936 1099 constructionesqne
953 1018 1031 1082 tutes
1048 1019 1175 1099 qnia-les:
1198 1022 1272 1085 visa

154 1130 230 1172 sum
265 1109 471 1184 aedificasse,
506 1109 579 1170 visa
613 1129 688 1170 sum
719 1110 899 1192 accepisse.
935 1107 1059 1183 locum,
1095 1109 1186 1191 quod
1218 1113 1272 1174 est

155 1201 400 1273 constructum,
439 1194 529 1260 itlius
566 1196 636 1259 aeri
676 1196 895 1261 consuetudini
932 1194 1047 1279 optime
1084 1197 1272 1276 respondere

155 1285 302 1349 uidentur
325 1305 423 1364 neque
446 1305 516 1349 cum
538 1285 649 1349 charta
672 1284 1003 1367 Buroundofaronis²
1033 1284 1161 1348 omnino
1183 1286 1272 1364 falsa
1292 1315 1316 1352 10

155 1379 371 1438 testamentario
394 1373 575 1453 comparari
598 1372 676 1454 ticet,
704 1374 758 1438 ubi
780 1375 871 1439 Foro
894 1375 1048 1454 Foroque
1070 1373 1273 1454 appellantur

155 1460 411 1542 Burcandosaro
439 1462 765 1544 Buroundofaraone.
817 1463 934 1545 statua
963 1482 1044 1542 quae
1073 1461 1113 1526 ab
1142 1469 1272 1543 utroque

156 1552 336 1615 documento
365 1553 505 1630 pendent
533 1552 662 1616 chartae
691 1572 809 1633 uncoque
836 1551 995 1633 aenuinae
1023 1557 1135 1631 postea
1164 1552 1272 1631 affixo

156 1660 221 1703 esse
238 1645 381 1719 possunt.
420 1639 516 1703 Aliae
535 1647 637 1704 autem
652 1640 844 1722 suspicionis
859 1640 996 1705 causae3
1011 1639 1099 1704 tiaicd
1113 1638 1160 1703 ita
1175 1640 1272 1718 facite

155 1728 358 1793 removendae
381 1735 463 1809 sunt,
494 1728 610 1793 scilicet
631 1729 787 1810 airoinem
810 1753 841 1794 a.
862 1726 973 1810 61011.
996 1727 1087 1793 intra
1109 1727 1273 1807 infantiae
1292 1757 1317 1797 is

156 1838 259 1882 annos
281 1815 480 1882 constitutam
510 1823 539 1881 et
561 1825 636 1897 post
657 1840 688 1882 a.
709 1825 783 1881 641.
807 1818 989 1897 defunctam
1014 1823 1154 1897 respectu
1176 1817 1273 1881 disso-

156 1905 285 1970 lutionis
307 1928 384 1970 snae
408 1929 437 1970 a.
460 1912 533 1986 627,
557 1906 612 1970 oin
628 1907 707 1990 ptus
729 1929 824 1988 quam
848 1913 889 1969 27
914 1927 1017 1972 annos
1039 1912 1158 1984 natam,
1183 1912 1273 1970 testa-

155 2002 292 2061 mentum
311 1995 498 2075 condidisse,
523 1995 635 2060 deinde
654 1995 885 2060 distinctionem
901 1995 986 2059 iuter
1000 1996 1109 2059 daturo
1125 2001 1154 2058 et
1168 2001 1272 2059 actum

155 2083 192 2148 in
215 2085 409 2149 testamentis
431 2083 629 2148 inusitatam.
681 2085 856 2166 Ottaynidfi
885 2105 998 2148 nomen
1020 2083 1122 2162 fratri
1145 2090 1273 2148 sanctae

155 2172 292 2236 inditum
322 2173 445 2237 comitis
472 2172 649 2236 Melitensis
677 2194 742 2236 esse
768 2179 879 2253 potest,
916 2173 1005 2238 cuius
1038 2171 1074 2236 in
1102 2171 1273 2253 pricilcoio
1292 2203 1318 2242 20

157 2259 349 2324 Rcsbacensi
371 2283 401 2324 a.
423 2259 534 2342 635s6.
559 2261 674 2325 mentio
697 2262 765 2340 fit4.

263 2367 295 2429 A
312 2367 493 2432 Metdorum
512 2366 624 2448 oppido
640 2367 728 2431 tcaud
744 2367 791 2432 ita
805 2368 936 2432 inuitum
945 2388 1134 2448 mooressus
1154 2367 1274 2433 Catum-

157 2457 260 2519 tranns
292 2455 329 2519 in
363 2455 442 2519 uitia
473 2455 621 2520 Vulciaco
651 2457 694 2520 ad
721 2456 912 2520 Matronam
946 2456 1009 2519 sita
1043 2458 1082 2519 ab
1112 2456 1273 2520 Anticario

157 2544 283 2625 eiusque
317 2564 414 2608 tutore
447 2545 535 2627 Aigra
568 2551 708 2626 receptus
740 2551 810 2608 erat
842 2551 1002 2625 materque
1035 2543 1120 2623 titios
1154 2551 1275 2609 teneros

158 2633 380 2697 benedicendos
409 2633 439 2697 ei
462 2635 623 2698 obtulerat.
670 2633 719 2697 Hi
749 2634 852 2697 adulti
881 2636 967 2715 amrd
994 2633 1215 2699 Odiotttarium
1247 2640 1276 2698 et
1293 2629 1322 2704 ες

157 2721 373 2802 Daaoberturn
407 2744 495 2805 reyes
528 2744 683 2787 srumnam
715 2722 857 2804 oratiam
894 2723 1038 2786 inierunt
1070 2743 1168 2802 neque
1201 2743 1274 2786 cero

156 2810 292 2893 aleriam
321 2811 440 2875 saecuti
470 2813 625 2876 consecuti
655 2818 801 2876 aeternae
834 2811 923 2876 obiiti
951 2817 1034 2875 sunt.
1087 2813 1161 2874 Ado
1190 2810 1275 2874 enim

157 2899 261 2964 maiar
283 2906 363 2964 natu
385 2901 609 2965 monasterium
638 2900 799 2982 uirainum
823 2901 975 2980 Iotreuse,
1007 2900 1087 2963 alter
1110 2899 1206 2963 Dodo
1229 2919 1274 2962 re-

157 2989 362 3068 ferendarius
392 2990 498 3071 reoins
528 2997 652 3054 crccdus
682 3011 751 3054 curu
785 2989 952 3068 fratribus,
988 3011 1004 3052 e
1038 2986 1151 3068 arcibus
1181 2987 1274 3051 Rada

158 3078 267 3143 tertius
282 3101 303 3142 a
317 3079 401 3143 Iona
411 3078 658 3160 praetermissus
673 3084 725 3158 est,
742 3078 778 3141 in
794 3078 878 3142 saltu
893 3076 1064 3158 Brieyensi
1080 3075 1274 3140 Resbacense
1293 3110 1319 3148 ³0

158 3170 201 3231 ad
218 3168 361 3249 recidam
382 3166 570 3231 Ootrcmboni
585 3172 829 3230 constrauerunt
838 3168 858 3246 ⁵,
883 3187 963 3247 acrae
978 3164 1173 3230 monasteria
1187 3164 1276 3228 harod

157 3255 247 3334 ionae
269 3262 299 3318 et
319 3256 405 3320 inter
426 3277 458 3320 se
476 3263 505 3320 et
519 3258 559 3320 ab
575 3254 786 3319 Enoriacensi
801 3255 932 3319 distant.
972 3254 1026 3317 Eu
1041 3253 1086 3317 eis
1101 3253 1274 3317 maximam

158 3344 384 3422 arretoritatem,
408 3347 492 3424 quod
505 3346 549 3408 ad
563 3344 615 3407 ius
630 3343 871 3408 ecclesiasticum
880 3343 1029 3425 pertinet,
1048 3341 1275 3406 monasterinm

158 3431 413 3496 Resbacense
431 3439 625 3497 consecutum
644 3439 696 3510 est,
721 3431 811 3496 cuius
825 3431 998 3513 m‘ioiieoia
1016 3431 1101 3494 inter
1118 3430 1275 3509 formulas

158 3641 186 3709 1)
211 3640 262 3694 Ed.
281 3641 440 3704 Pardessus‚
466 3641 539 3709 Dipl.
558 3642 597 3707 II,
618 3645 658 3697 15.
732 3642 759 3708 2)
782 3642 826 3695 Ib.
846 3641 870 3706 I,
890 3643 949 3696 193.
1022 3639 1049 3708 3)
1076 3639 1150 3690 Inter
1173 3642 1274 3705 scripta
1293 3656 1319 3696 ³5

159 3712 315 3779 apocrypha
333 3717 517 3764 testamentum
528 3715 617 3765 reiecit
629 3714 783 3764 Mauricius
795 3712 921 3779 Lecmnte,
940 3711 986 3762 ‘Le
998 3716 1135 3762 testameut
1147 3710 1177 3760 de
1188 3713 1275 3762 sainte

157 3783 239 3847 Fare,
267 3782 417 3845 fondutrtoo
443 3787 468 3834 ct
490 3783 622 3850 memiirc
652 3786 754 3836 abbesse
781 3785 813 3834 de
839 3782 1046 3834 Farunoutters'
1074 3782 1211 3846 (‘Entroit
1238 3781 1275 3830 du

157 3853 277 3905 Bulletin
295 3854 326 3904 de
345 3855 373 3904 lu
391 3854 539 3918 confirmer
557 3856 694 3907 d'histor‘re
712 3861 735 3907 ct
750 3855 941 3919 d’archtoloate
955 3856 992 3904 dn
1007 3853 1106 3904 diocisc
1121 3854 1152 3904 dc
1165 3850 1273 3903 Mearm'

159 3927 238 3988 1898,
259 3942 288 3991 p.
309 3928 383 3990 321),
409 3925 472 3976 dum
497 3928 545 3992 qui
569 3928 779 3979 dissertationem
804 3928 861 3977 eins
884 3927 1047 3978 cnarrrinam't
1071 3925 1124 3976 Leo
1142 3924 1275 3975 Leotliain

157 3996 250 4058 (‘Br'bt.
270 3996 300 4047 de
319 3996 402 4047 l'dcote
419 3996 465 4048 des
483 3997 689 4063 chartes’1899,
707 4014 733 4064 u.
748 3999 797 4062 95)
816 3999 981 4047 contrariam
995 3996 1142 4062 opinionem
1158 3994 1275 4058 defendit
1292 4011 1319 4049 40

157 4068 239 4117 tuden
264 4082 318 4118 nrm
343 4067 407 4119 adeo
431 4067 535 4131 firmus.
572 4069 689 4135 Denique
714 4067 751 4121 H.
770 4069 890 4132 Auffrot,
912 4051 1064 4119 ‘Rootutton
1085 4066 1122 4116 du
1140 4070 1275 4117 testament

158 4152 189 4188 en
208 4137 331 4201 Francc',
349 4138 469 4189 Parisios
483 4141 560 4205 1899,
575 4157 605 4206 p.
619 4141 680 4202 228,
699 4155 725 4192 n.
739 4141 765 4203 4,
786 4141 968 4190 anctoritatem
986 4140 1012 4190 et
1028 4136 1174 4203 amicavit.
1204 4137 1274 4187 Sanc

157 4208 296 4274 enunptar
313 4224 379 4260 saec.
399 4208 452 4264 XI.
477 4212 559 4276 specte
583 4209 749 4277 arctoyrophi
772 4213 942 4277 compositum
959 4209 1106 4277 suspicione
1124 4223 1176 4259 non
1195 4212 1273 4260 caret.

157 4277 185 4346 4)
204 4279 240 4333 K.
260 4279 348 4345 Parte,
367 4280 477 4347 Diptl,
494 4298 523 4347 p.
539 4283 579 4337 16.
653 4281 680 4349 5)
698 4281 728 4334 V.
749 4281 864 4336 Caluino.
881 4282 905 4347 I,
920 4283 963 4336 26.
