2978 4928
381 449 450 504 ION
451 450 506 518 AS,
519 449 616 504 VITA
628 448 818 505 VEDASTIS
836 448 1019 504 EPISGOPI.
1208 451 1260 504 319

144 636 259 700 Iesum
280 634 467 713 Christum,
493 635 549 698 cui
573 637 625 698 est
648 633 781 717 gloria²
798 636 833 696 et
856 631 1039 716 imperium
1062 632 1100 694 in
1123 630 1261 695 saecula

144 723 369 789 saeculorum.
415 725 537 788 Amen.

305 914 453 984 gloriosum
473 913 579 965 obitum
598 912 695 965 urbem
714 911 939 965 Atravetinsema
955 909 1032 978 obiit,
1051 910 1099 962 ubi
1118 927 1196 961 suum
1215 911 1262 963 be·

307 988 382 1038 atum
401 982 611 1052 corpuscolumb
634 1001 696 1036 cum
722 999 827 1036 summa
845 983 1021 1035 veneratione
1040 981 1069 1033 in
1086 990 1203 1050 pacem0
1220 998 1263 1034 re-

307 1056 429 1124 quiescit,
449 1053 497 1108 esd
514 1055 571 1107 eius
590 1055 765 1123 sepulchrum
783 1071 846 1106 curn
865 1053 1044 1121 lampadibus,
1070 1061 1201 1118 aurumss,
1220 1070 1263 1105 ar·

306 1130 429 1196 gentum,
448 1126 585 1194 lapidibus
604 1125 750 1194 praeciosis
769 1125 879 1177 clariter
897 1124 992 1194 fulget,
1024 1122 1080 1176 Sed
1099 1123 1165 1190 quid
1182 1124 1264 1234 plura

306 1196 444 1251 referam?
480 1197 521 1250 De
539 1195 637 1266 gestas
652 1197 697 1249 vel
715 1195 824 1248 vitame
839 1195 972 1248 virtutum
992 1195 1083 1263 ipsius,
1109 1212 1178 1262 quae
1214 1211 1264 1263 per

307 1270 364 1322 eius
382 1268 511 1322 meritum
530 1266 680 1321 Dominus1
700 1265 843 1320 ostendere
862 1265 988 1335 dignatus
1008 1271 1056 1332 est,
1075 1281 1167 1318 coram
1186 1282 1263 1334 prae-

306 1339 398 1393 sencia
421 1339 545 1393 fidelium
571 1356 682 1392 suorum
708 1339 822 1408 longum
847 1340 887 1390 est
913 1337 948 1390 ad
972 1337 1146 1392 narrandum.
1190 1336 1263 1406 Qua·

306 1415 427 1480 propter,
452 1410 607 1479 legentibus
632 1408 710 1463 nonk
731 1409 765 1462 sit
790 1425 904 1461 onerosa
928 1425 979 1461 nec
998 1408 1171 1461 audientibus
1190 1408 1264 1460 fasti·

308 1482 383 1534 dium
409 1480 550 1550 generitl,
574 1482 696 1534 breviter
720 1480 943 1534 intimavimusm.
980 1479 1119 1548 Rogemus
1145 1496 1211 1548 ergo
1236 1483 1264 1532 et

308 1553 445 1606 adtentius
463 1552 604 1605 humiliter
622 1552 837 1620 supplicemusn,
856 1555 888 1602 ut
904 1550 954 1604 fiat
971 1568 1022 1618 pro
1038 1550 1117 1603 nobis
1136 1550 1164 1603 in
1183 1551 1264 1603 caelis

308 1640 400 1676 coram
420 1624 527 1676 excelso
546 1624 717 1691 intercessor,
737 1623 784 1691 qni
795 1639 846 1690 pro
860 1622 981 1675 Ohristi0
999 1638 1093 1675 amore
1112 1621 1164 1675 fuit
1176 1621 1265 1675 fidelis

308 1695 447 1748 confessor
471 1711 556 1762 usque
581 1694 616 1746 ad
640 1700 757 1747 mortem
792 1695 821 1745 in
846 1694 925 1747 terris
951 1695 1013 1746 add.
1039 1695 1064 1745 B
1078 1696 1101 1748 1.
1121 1697 1164 1748 211.
1183 1696 1206 1748 b.
1229 1726 1265 1733 —

308 1765 396 1832 Nunc,
423 1765 494 1818 sicut
518 1765 639 1835 superius
658 1765 877 1833 memoravimus,
903 1764 975 1817 unde
994 1763 1128 1833 originem
1147 1765 1265 1833 duxerit,

307 1841 398 1889 ratum
418 1837 555 1891 ducamus.
593 1835 628 1889 In
645 1835 797 1903 Aquitania
815 1836 946 1888 oriundus
969 1835 1021 1887 fuit
1044 1835 1180 1889 nobilibus
1202 1853 1264 1902 pro·

309 1908 353 1961 cul
384 1907 467 1960 dubio
498 1907 642 1962 natalibus.
690 1910 884 1974 [Aquitaniam
916 1923 975 1958 cum
1009 1910 1112 1973 criptae
1145 1907 1266 1959 Tulleresi

308 1979 492 2031 Heraclienses
525 1982 564 2030 itu
599 1981 753 2043 coniunxit,
795 1985 825 2029 ut
860 1978 963 2030 Leucus
997 1981 1160 2044 Aquitaniae
1197 1980 1267 2031 boue

308 2052 386 2116 fictus
410 2053 498 2102 sandi
518 2053 614 2118 patria
637 2056 809 2114 statueretur,
832 2064 884 2116 pro
909 2050 996 2102 uerbis
1020 2049 1055 2101 ln
1079 2080 1110 2088 —
1130 2049 1266 2103 natalibus

309 2139 404 2174 notram
425 2123 653 2189 interpolationem
672 2122 780 2184 adderes,
806 2124 920 2187 quaein
938 2122 1009 2174 B3a
1031 2123 1181 2186 praemisso
1206 2122 1266 2173 lem·

309 2199 394 2245 mate:
413 2191 484 2244 Item
504 2192 572 2244 alius
589 2192 719 2260 prologus
738 2191 767 2243 in
784 2192 842 2244 vita
857 2191 1006 2244 beatissimi
1018 2190 1133 2245 Vedasti
1145 2191 1267 2259 episcopi

310 2265 420 2316 Aletini
444 2265 586 2330 epistulam
610 2263 778 2330 subsequitur
803 2268 880 2329 atque
905 2264 942 2314 ad
966 2266 1131 2315 aduatiorem
1156 2265 1265 2316 toditem

305 2338 431 2402 pertinet,
450 2337 514 2387 dum
526 2335 608 2386 Ionae
620 2336 776 2401 opuseulum
789 2335 900 2386 schedas
911 2340 1001 2400 postea
1013 2337 1129 2386 insertas
1142 2340 1266 2400 occupat:

310 2405 460 2472 Aquitania
477 2410 599 2458 montem
618 2405 709 2472 habet,
735 2404 782 2471 qui
808 2405 949 2472 equalibus
967 2421 1037 2473 pene
1055 2405 1154 2472 spaciis
1172 2404 1267 2457 Petra-

310 2477 431 2546 goricam
451 2480 479 2528 et
497 2475 675 2529 Lemovicam
694 2476 818 2528 civitates
836 2476 947 2532 dirimit.
985 2475 1067 2528 Mons
1085 2476 1132 2529 ille
1150 2494 1266 2546 magnus

311 2552 338 2600 et
356 2548 397 2600 sui
412 2548 565 2615 quantitate
583 2547 701 2600 multum
719 2551 792 2600 terre
811 2564 955 2616 occupans,
978 2547 1059 2616 longe
1077 2547 1187 2615 lateque
1206 2548 1266 2601 alti-

310 2618 406 2672 tudine
425 2618 482 2672 fere
501 2620 587 2672 nubes
605 2623 760 2687 penetrans,
779 2619 802 2671 si
819 2635 916 2686 graves
935 2620 995 2674 sint.
1027 2618 1117 2687 Super
1136 2636 1267 2672 cacumen

311 2691 368 2744 eius
393 2690 511 2757 antiquis
537 2694 564 2743 et
589 2689 728 2758 preteritis
754 2690 871 2743 statibus
897 2690 1033 2743 incertum
1058 2707 1093 2742 an
1118 2690 1213 2744 civitas
1232 2709 1267 2743 an

310 2765 429 2814 castrum
460 2762 542 2814 situm
573 2761 640 2830 fuit,
672 2761 748 2813 cuius
778 2761 970 2814 enormitatem
1001 2765 1028 2814 et
1058 2762 1267 2814 munitissimam

310 2831 542 2901 magnificentiam
567 2832 709 2884 ruinarum
735 2831 836 2885 indicia
861 2837 888 2884 et
912 2833 999 2885 moles
1024 2832 1114 2884 dirute
1137 2833 1201 2884 satis
1221 2833 1267 2885 de·

310 2907 472 2970 monstrant,
499 2907 602 2970 quanta
620 2903 703 2956 fuerit
721 2920 764 2955 res
788 2903 867 2971 *ipsa
904 2902 1012 2955 Nomen
1030 2903 1131 2955 montis
1150 2907 1267 2956 extunc
1286 2917 1378 2967 *aare

311 2978 339 3027 et
357 2991 431 3026 nunc
449 2973 557 3027 Leucus
577 2978 631 3040 est3
658 2991 691 3026 ex
710 2974 821 3026 nomine
839 2974 940 3026 montis
959 2978 1078 3026 castrum
1097 2973 1165 3026 illud
1184 2975 1268 3027 etiam

310 3061 411 3098 nomeu
437 3046 564 3098 sortitum
590 3051 643 3113 est,
674 3044 721 3096 sed
746 3049 774 3097 et
798 3045 915 3113 populus
940 3044 1059 3112 regionis
1084 3045 1156 3097 illius
1181 3045 1268 3099 Leuci

311 3120 375 3168 sunt
404 3115 479 3184 dicti,
510 3115 630 3168 maxima
659 3132 723 3183 pars
750 3115 899 3183 Aquitania
929 3132 1014 3183 usque
1043 3115 1072 3167 in
1102 3114 1266 3172 Occeanum.

311 3187 404 3239 Testes
430 3191 493 3238 sunt
517 3189 651 3254 perpetua
675 3186 748 3238 fama
772 3190 799 3239 et
818 3187 909 3254 plures
927 3186 1061 3254 scripture
1079 3187 1154 3239 iamt)
1178 3188 1267 3257 hodie,

312 3258 385 3325 quod
410 3256 458 3310 illa
484 3257 577 3309 omnia
601 3258 640 3310 ita
664 3261 865 3325 nuncupantur.
903 3256 943 3310 De
962 3257 1061 3310 Leucis
1087 3272 1153 3327 ergo
1172 3258 1268 3312 beatus

311 3329 449 3384 Vedastus
480 3327 610 3381 oriundus
640 3327 701 3396 fuit,
730 3329 868 3382 nobilibus
892 3330 988 3396 procul
1014 3329 1097 3382 dubio
1122 3330 1268 3396 natalibus,

311 3401 439 3468 prosapia
464 3400 534 3452 sicut
558 3401 685 3468 ingenua,
716 3399 754 3451 ita
779 3399 879 3468 insigni
910 3405 937 3453 et
962 3400 1078 3468 famosa,
1109 3401 1269 3469 prediorum

313 3470 454 3525 affluentia
473 3475 499 3524 et
517 3471 705 3523 habundantia
724 3470 881 3523 divitiarum
899 3470 1111 3540 locupletissimi,
1136 3477 1167 3524 ut
1184 3474 1269 3526 nichil

313 3542 347 3595 de
370 3543 486 3595 seculari
511 3541 629 3595 defuerit
654 3541 749 3610 gloria.
787 3542 862 3594 Puer
891 3542 980 3595 studio
1011 3543 1164 3596 litterarum
1195 3544 1269 3598 felici

313 3613 433 3681 auspicio
452 3613 623 3681 mancipatus
642 3616 703 3681 est,·
716 3630 781 3665 nam
804 3613 896 3666 omnia
914 3631 968 3681 que
986 3613 1022 3666 ad
1040 3615 1194 3667 institutum
1213 3620 1269 3668 stu·

313 3783 366 3831 Gap.
381 3783 414 3822 10.
443 3784 504 3822 A1a.
516 3784 536 3822 2,
547 3784 582 3825 3α,
593 3785 613 3823 b.
625 3795 643 3822 c.
663 3784 683 3821 B
690 3785 709 3822 1.
720 3784 754 3824 iu.
765 3784 784 3823 t.
795 3786 829 3822 tia.

260 3872 320 3919 Gap.
336 3872 370 3910 10.
398 3872 420 3922 a)
439 3873 470 3909 ita
488 3872 549 3925 Ala,
567 3873 604 3910 uti
622 3872 722 3921 Explicit
740 3872 788 3911 vita
805 3873 876 3911 sancti
890 3870 983 3912 vedasti
1000 3885 1029 3912 m.
1050 3874 1080 3917 ul.
1094 3875 1156 3922 udd.;
1179 3876 1215 3913 cui
1236 3880 1271 3914 est

154 3927 226 3964 honor
240 3930 263 3963 et
276 3925 291 3963 i.
308 3924 387 3974 (gloria
401 3925 462 3964 Ata.
475 3926 493 3975 a)
515 3926 538 3964 iu
552 3927 629 3965 secula
643 3926 776 3967 seculorum.
797 3926 870 3964 Arnen
883 3927 989 3966 Alaea.
1001 3939 1024 3977 e,
1044 3928 1080 3966 cul
1095 3934 1128 3967 est
1143 3925 1169 3980 etl
1184 3926 1270 3980 {Explic

107 3977 136 4016 45
154 3978 191 4031 vitl
212 3978 278 4027 aas,
302 3977 347 4028 (cul
361 4000 384 4007 —
400 3979 518 4027 imperium
540 3978 591 4029 om.)
612 3980 636 4016 in
654 3979 730 4018 secula
751 3980 884 4020 seculorum.
906 3981 985 4022 Amen.
1011 3981 1111 4029 Explicit
1130 3981 1178 4019 vita
1199 3982 1270 4019 sancti

154 4030 248 4072 Vcdasti
262 4032 361 4081 episcopi
374 4032 426 4080 2125
448 4032 484 4070 cui
506 4037 540 4070 cst
559 4032 638 4079 honor,
660 4032 709 4070 laus
730 4031 806 4082 (decus
820 4032 889 4083 Bao),
908 4034 987 4085 virtus,
1003 4035 1073 4082 gloria
1088 4034 1119 4083 (et
1134 4035 1185 4072 add.
1200 4033 1269 4083 Bao),

155 4096 248 4134 regnum
266 4086 426 4134 sempiternum
445 4096 505 4123 nunc
529 4089 551 4123 et
574 4085 671 4135 (semper
694 4086 745 4125 aad.
764 4086 826 4136 Bra)
847 4097 888 4134 per
908 4087 994 4126 infinita
1014 4089 1103 4126 saecula
1123 4088 1270 4128 saeculorum.

154 4140 234 4179 Amen.
262 4139 363 4187 Explicit
376 4140 424 4177 vita
438 4138 510 4176 sancti
524 4138 615 4177 vedasti
630 4138 738 4188 (episcopi
752 4141 801 4180 add,
816 4140 876 4178 aaa.
887 4140 908 4190 b)
923 4141 968 4182 Β1.
978 4142 1011 4179 2α.
1023 4142 1042 4178 t.

217 4225 222 4235 .
261 4193 324 4239 Gap.
336 4192 370 4234 10.
390 4192 470 4230 Nota.
497 4191 807 4241 a)u.Atrabatensem1320;
823 4193 1107 4233 urbeAtravetenscBit.
1156 4193 1179 4241 b)
1189 4203 1271 4242 corpus

109 4243 137 4281 50
155 4245 247 4283 colimus
262 4256 312 4284 eum
326 4246 385 4285 Bae.
438 4245 458 4295 c)
474 4256 529 4294 pace
543 4245 608 4293 B2a3
623 4245 647 4282 in
662 4257 684 4294 p.
699 4257 718 4284 r.
732 4256 773 4285 cm.
789 4246 849 4286 Bao.
903 4245 926 4297 d)
941 4248 979 4285 ubi
994 4248 1043 4287 add.
1058 4247 1117 4284 Bao.
1171 4247 1192 4296 e)
1207 4257 1270 4296 auro,

155 4303 247 4344 argento
261 4300 321 4338 Bas.
397 4299 415 4349 f)
434 4299 465 4336 itu
479 4300 544 4346 B2a3
564 4297 1106 4348 testa(?)m.at.00rr.gestis131etstclrab.
1182 4300 1205 4349 g)
1223 4300 1271 4338 vita

155 4351 246 4390 aare.
309 4352 331 4402 h)
346 4353 378 4390 tta
391 4353 488 4401 Beata
509 4363 549 4401 per
563 4362 629 4398 quem
643 4352 690 4390 Β1.
752 4353 767 4403 i)
782 4364 823 4394 orn.
837 4353 896 4394 Bae.
957 4353 980 4403 k)
994 4364 1035 4392 scr.
1051 4363 1087 4391 ne.
1148 4352 1164 4402 l)
1180 4358 1272 4399 generet

155 4404 223 4452 B2a;
243 4407 424 4453 generantem.
491 4406 520 4455 m)
539 4405 667 4443 intimamus
681 4405 727 4454 131,
744 4417 800 4444 corr.
874 4406 897 4457 n)
912 4407 943 4444 tta
957 4407 1017 4444 B2u.
1033 4406 1057 4454 ῦς
1079 4405 1209 4454 subpliciter
1224 4407 1270 4445 Β1.

154 4458 176 4508 o)
191 4457 280 4498 christo
290 4470 329 4507 pr.
344 4470 372 4498 m.
389 4460 435 4497 131.
491 4459 514 4509 p)
529 4458 646 4506 scripture.
669 4459 725 4497 Nam
739 4459 761 4500 h.
777 4459 838 4498 aaa.
