<?xml version="1.0" encoding="UTF-8"?>
<!DOCTYPE html PUBLIC "-//W3C//DTD XHTML 1.0 Transitional//EN"
    "http://www.w3.org/TR/xhtml1/DTD/xhtml1-transitional.dtd">
<html xmlns="http://www.w3.org/1999/xhtml" xml:lang="en" lang="en">
 <head>
  <title>
</title>
<meta http-equiv="Content-Type" content="text/html;charset=utf-8" />
  <meta name='ocr-system' content='tesseract 3.04.00' />
  <meta name='ocr-capabilities' content='ocr_page ocr_carea ocr_par ocr_line ocrx_word'/>
</head>
<body>
  <div class='ocr_page' id='page_1' title='image "./ionaevitaesanct01jonagoog_0052.png"; bbox 0 0 2978 4928; ppageno 0'>
   <div class='ocr_carea' id='block_1_1' title="bbox 405 424 1311 494">
    <p class='ocr_par' dir='ltr' id='par_1_1' title="bbox 405 424 1311 494">
     <span class='ocr_line' id='line_1_1' title="bbox 405 424 1311 494; baseline 0.007 -13"><span class='ocrx_word' id='word_1_1' title='bbox 405 424 530 494; x_wconf 77' lang='lat' dir='ltr'><em>IONAS,</em></span> <span class='ocrx_word' id='word_1_2' title='bbox 542 424 665 481; x_wconf 76' lang='lat' dir='ltr'><em>VITAE</em></span> <span class='ocrx_word' id='word_1_3' title='bbox 683 424 912 481; x_wconf 80' lang='lat' dir='ltr'><em>OOLUMBANI</em></span> <span class='ocrx_word' id='word_1_4' title='bbox 929 425 1039 481; x_wconf 84' lang='lat' dir='ltr'>LIBRI</span> <span class='ocrx_word' id='word_1_5' title='bbox 1056 425 1096 483; x_wconf 90' lang='lat' dir='ltr'><em>H.</em></span> <span class='ocrx_word' id='word_1_6' title='bbox 1275 431 1311 487; x_wconf 78' lang='lat'><em>85</em></span> 
     </span>
    </p>
   </div>
   <div class='ocr_carea' id='block_1_2' title="bbox 147 606 1311 4140">
    <p class='ocr_par' dir='ltr' id='par_1_2' title="bbox 147 606 1311 4140">
     <span class='ocr_line' id='line_1_2' title="bbox 194 606 1309 692; baseline 0.002 -18"><span class='ocrx_word' id='word_1_7' title='bbox 194 608 292 674; x_wconf 91' lang='lat' dir='ltr'><em>tiones</em></span> <span class='ocrx_word' id='word_1_8' title='bbox 315 630 337 673; x_wconf 94' lang='lat' dir='ltr'><em>a</em></span> <span class='ocrx_word' id='word_1_9' title='bbox 360 607 519 673; x_wconf 90' lang='lat' dir='ltr'><em>conditore</em></span> <span class='ocrx_word' id='word_1_10' title='bbox 541 607 698 688; x_wconf 64' lang='lat' dir='ltr'><em>acceptas*</em></span> <span class='ocrx_word' id='word_1_11' title='bbox 713 606 856 689; x_wconf 79' lang='lat' dir='ltr'><em>intepras</em></span> <span class='ocrx_word' id='word_1_12' title='bbox 879 606 1017 688; x_wconf 75' lang='lat' dir='ltr'><em>posteris</em></span> <span class='ocrx_word' id='word_1_13' title='bbox 1045 629 1174 674; x_wconf 88' lang='lat' dir='ltr'><em>serrare</em></span> <span class='ocrx_word' id='word_1_14' title='bbox 1203 611 1309 692; x_wconf 77' lang='lat' dir='ltr'><em>neoni·</em></span> 
     </span>
     <span class='ocr_line' id='line_1_3' title="bbox 193 703 312 763; baseline 0 -1"><span class='ocrx_word' id='word_1_15' title='bbox 193 703 312 763; x_wconf 79' lang='lat' dir='ltr'><em>aarum.</em></span> 
     </span>
     <span class='ocr_line' id='line_1_4' title="bbox 298 783 1310 867; baseline 0.002 -17"><span class='ocrx_word' id='word_1_16' title='bbox 298 786 345 850; x_wconf 94' lang='lat' dir='ltr'><em>In</em></span> <span class='ocrx_word' id='word_1_17' title='bbox 381 783 572 849; x_wconf 89' lang='lat' dir='ltr'><em>monasterio</em></span> <span class='ocrx_word' id='word_1_18' title='bbox 605 783 773 866; x_wconf 88' lang='lat' dir='ltr'><em>Bobiensi,</em></span> <span class='ocrx_word' id='word_1_19' title='bbox 813 783 1006 849; x_wconf 78' lang='lat' dir='ltr'><em>Uolambano</em></span> <span class='ocrx_word' id='word_1_20' title='bbox 1042 791 1180 867; x_wconf 87' lang='lat' dir='ltr'><em>mortno,</em></span> <span class='ocrx_word' id='word_1_21' title='bbox 1213 794 1310 867; x_wconf 91' lang='lat' dir='ltr'><em>pater</em></span> 
     </span>
     <span class='ocr_line' id='line_1_5' title="bbox 193 872 1310 956; baseline 0.001 -17"><span class='ocrx_word' id='word_1_22' title='bbox 193 874 340 953; x_wconf 80' lang='lat' dir='ltr'><em>suffectos</em></span> <span class='ocrx_word' id='word_1_23' title='bbox 374 879 420 938; x_wconf 91' lang='lat' dir='ltr'><em>cst</em></span> <span class='ocrx_word' id='word_1_24' title='bbox 446 872 631 952; x_wconf 72' lang='lat' dir='ltr'><em>Albalal,</em></span> <span class='ocrx_word' id='word_1_25' title='bbox 663 872 714 938; x_wconf 91' lang='lat' dir='ltr'><em>cai</em></span> <span class='ocrx_word' id='word_1_26' title='bbox 743 894 782 937; x_wconf 84' lang='lat' dir='ltr'><em>ea</em></span> <span class='ocrx_word' id='word_1_27' title='bbox 815 872 1005 938; x_wconf 83' lang='lat' dir='ltr'><em>Tbendoriei</em></span> <span class='ocrx_word' id='word_1_28' title='bbox 1035 894 1132 955; x_wconf 80' lang='lat' dir='ltr'><em>repno</em></span> <span class='ocrx_word' id='word_1_29' title='bbox 1161 876 1310 956; x_wconf 84' lang='lat' dir='ltr'><em>eapalsns</em></span> 
     </span>
     <span class='ocr_line' id='line_1_6' title="bbox 164 960 1307 1045; baseline 0 -17"><span class='ocrx_word' id='word_1_30' title='bbox 164 968 322 1028; x_wconf 77' lang='lat' dir='ltr'><em>ssanctns</em></span> <span class='ocrx_word' id='word_1_31' title='bbox 343 960 530 1027; x_wconf 87' lang='lat' dir='ltr'><em>monasterii</em></span> <span class='ocrx_word' id='word_1_32' title='bbox 548 960 760 1025; x_wconf 82' lang='lat' dir='ltr'><em>Laroaicnsis</em></span> <span class='ocrx_word' id='word_1_33' title='bbox 775 961 887 1045; x_wconf 90' lang='lat' dir='ltr'><em>primo</em></span> <span class='ocrx_word' id='word_1_34' title='bbox 910 961 1108 1027; x_wconf 89' lang='lat' dir='ltr'><em>commiserat</em></span> <span class='ocrx_word' id='word_1_35' title='bbox 1128 961 1307 1044; x_wconf 90' lang='lat' dir='ltr'><em>imperinm.</em></span> 
     </span>
     <span class='ocr_line' id='line_1_7' title="bbox 193 1049 1309 1132; baseline 0.001 -16"><span class='ocrx_word' id='word_1_36' title='bbox 193 1052 230 1116; x_wconf 89' lang='lat' dir='ltr'><em>Is</em></span> <span class='ocrx_word' id='word_1_37' title='bbox 259 1073 275 1116; x_wconf 90' lang='lat' dir='ltr'><em>e</em></span> <span class='ocrx_word' id='word_1_38' title='bbox 304 1049 576 1132; x_wconf 80' lang='lat' dir='ltr'><em>Barpnndionnm</em></span> <span class='ocrx_word' id='word_1_39' title='bbox 603 1070 717 1130; x_wconf 80' lang='lat' dir='ltr'><em>penore</em></span> <span class='ocrx_word' id='word_1_40' title='bbox 748 1049 848 1114; x_wconf 90' lang='lat' dir='ltr'><em>nobili</em></span> <span class='ocrx_word' id='word_1_41' title='bbox 876 1056 1056 1132; x_wconf 79' lang='lat' dir='ltr'><em>propnatns</em></span> <span class='ocrx_word' id='word_1_42' title='bbox 1087 1050 1233 1116; x_wconf 87' lang='lat' dir='ltr'><em>liberales</em></span> <span class='ocrx_word' id='word_1_43' title='bbox 1261 1052 1309 1117; x_wconf 89' lang='lat' dir='ltr'><em>lit-</em></span> 
     </span>
     <span class='ocr_line' id='line_1_8' title="bbox 193 1137 1310 1222; baseline 0.002 -18"><span class='ocrx_word' id='word_1_44' title='bbox 193 1147 277 1204; x_wconf 89' lang='lat' dir='ltr'><em>teras</em></span> <span class='ocrx_word' id='word_1_45' title='bbox 304 1161 326 1204; x_wconf 93' lang='lat' dir='ltr'><em>a</em></span> <span class='ocrx_word' id='word_1_46' title='bbox 349 1145 445 1220; x_wconf 91' lang='lat' dir='ltr'><em>patre</em></span> <span class='ocrx_word' id='word_1_47' title='bbox 468 1137 633 1218; x_wconf 74' lang='lat' dir='ltr'><em>didicerat,</em></span> <span class='ocrx_word' id='word_1_48' title='bbox 662 1137 775 1202; x_wconf 93' lang='lat' dir='ltr'><em>deinde</em></span> <span class='ocrx_word' id='word_1_49' title='bbox 797 1137 913 1220; x_wconf 79' lang='lat' dir='ltr'><em>Aripio</em></span> <span class='ocrx_word' id='word_1_50' title='bbox 936 1138 1077 1221; x_wconf 87' lang='lat' dir='ltr'><em>episcopo</em></span> <span class='ocrx_word' id='word_1_51' title='bbox 1100 1140 1310 1222; x_wconf 79' lang='lat' dir='ltr'><em>Lapdnnensi</em></span> 
     </span>
     <span class='ocr_line' id='line_1_9' title="bbox 192 1226 1309 1307; baseline 0.003 -14"><span class='ocrx_word' id='word_1_52' title='bbox 192 1227 425 1293; x_wconf 65' lang='lat' dir='ltr'><em>commendatas</em></span> <span class='ocrx_word' id='word_1_53' title='bbox 447 1233 524 1307; x_wconf 89' lang='lat' dir='ltr'><em>erat,</em></span> <span class='ocrx_word' id='word_1_54' title='bbox 548 1232 584 1289; x_wconf 91' lang='lat' dir='ltr'><em>nt</em></span> <span class='ocrx_word' id='word_1_55' title='bbox 605 1248 675 1292; x_wconf 89' lang='lat' dir='ltr'><em>cnm</em></span> <span class='ocrx_word' id='word_1_56' title='bbox 697 1226 859 1291; x_wconf 88' lang='lat' dir='ltr'><em>sodalibas</em></span> <span class='ocrx_word' id='word_1_57' title='bbox 885 1229 929 1292; x_wconf 91' lang='lat' dir='ltr'><em>ad</em></span> <span class='ocrx_word' id='word_1_58' title='bbox 956 1229 1135 1294; x_wconf 76' lang='lat' dir='ltr'><strong><em>saeculares</em></strong></span> <span class='ocrx_word' id='word_1_59' title='bbox 1164 1229 1309 1296; x_wconf 87' lang='lat' dir='ltr'><em>ecclesiae</em></span> 
     </span>
     <span class='ocr_line' id='line_1_10' title="bbox 191 1314 1310 1399; baseline 0.001 -17"><span class='ocrx_word' id='word_1_60' title='bbox 191 1317 325 1382; x_wconf 83' lang='lat' dir='ltr'><em>bonores</em></span> <span class='ocrx_word' id='word_1_61' title='bbox 342 1321 615 1397; x_wconf 71' lang='lat' dir='ltr'><em>praepararetur,</em></span> <span class='ocrx_word' id='word_1_62' title='bbox 638 1316 682 1379; x_wconf 95' lang='lat' dir='ltr'><em>ad</em></span> <span class='ocrx_word' id='word_1_63' title='bbox 703 1314 801 1379; x_wconf 80' lang='lat' dir='ltr'><em>adam</em></span> <span class='ocrx_word' id='word_1_64' title='bbox 816 1321 920 1380; x_wconf 73' lang='lat' dir='ltr'><em>annm</em></span> <span class='ocrx_word' id='word_1_65' title='bbox 934 1316 1141 1382; x_wconf 77' lang='lat' dir='ltr'><em>coenobialem</em></span> <span class='ocrx_word' id='word_1_66' title='bbox 1157 1317 1310 1399; x_wconf 85' lang='lat' dir='ltr'><em>aspirans</em></span> 
     </span>
     <span class='ocr_line' id='line_1_11' title="bbox 150 1403 1308 1488; baseline 0.001 -17"><span class='ocrx_word' id='word_1_67' title='bbox 150 1433 175 1472; x_wconf 83' lang='lat' dir='ltr'><em>a</em></span> <span class='ocrx_word' id='word_1_68' title='bbox 192 1427 261 1470; x_wconf 85' lang='lat' dir='ltr'><em>enm</em></span> <span class='ocrx_word' id='word_1_69' title='bbox 284 1406 405 1470; x_wconf 90' lang='lat' dir='ltr'><em>dnobns</em></span> <span class='ocrx_word' id='word_1_70' title='bbox 420 1403 534 1486; x_wconf 88' lang='lat' dir='ltr'><em>pneris</em></span> <span class='ocrx_word' id='word_1_71' title='bbox 557 1405 601 1468; x_wconf 90' lang='lat' dir='ltr'><em>ad</em></span> <span class='ocrx_word' id='word_1_72' title='bbox 623 1403 800 1468; x_wconf 76' lang='lat' dir='ltr'><em>Lerlnense</em></span> <span class='ocrx_word' id='word_1_73' title='bbox 822 1403 1049 1469; x_wconf 90' lang='lat' dir='ltr'><em>monasterinm</em></span> <span class='ocrx_word' id='word_1_74' title='bbox 1071 1427 1103 1471; x_wconf 93' lang='lat' dir='ltr'><em>se</em></span> <span class='ocrx_word' id='word_1_75' title='bbox 1126 1407 1308 1488; x_wconf 80' lang='lat' dir='ltr'><em>contulerat,</em></span> 
     </span>
     <span class='ocr_line' id='line_1_12' title="bbox 192 1491 1310 1576; baseline 0.002 -18"><span class='ocrx_word' id='word_1_76' title='bbox 192 1514 320 1576; x_wconf 72' lang='lat' dir='ltr'><em>annone</em></span> <span class='ocrx_word' id='word_1_77' title='bbox 350 1492 554 1574; x_wconf 76' lang='lat' dir='ltr'><em>disciplinam</em></span> <span class='ocrx_word' id='word_1_78' title='bbox 587 1491 635 1556; x_wconf 90' lang='lat' dir='ltr'><em>ibi</em></span> <span class='ocrx_word' id='word_1_79' title='bbox 664 1493 807 1557; x_wconf 80' lang='lat' dir='ltr'><em>locatam</em></span> <span class='ocrx_word' id='word_1_80' title='bbox 836 1513 902 1557; x_wconf 89' lang='lat' dir='ltr'><em>esse</em></span> <span class='ocrx_word' id='word_1_81' title='bbox 931 1493 1219 1576; x_wconf 87' lang='lat' dir='ltr'><em>animadvertisset,</em></span> <span class='ocrx_word' id='word_1_82' title='bbox 1255 1495 1310 1562; x_wconf 83' lang='lat' dir='ltr'><em>Oo-</em></span> 
     </span>
     <span class='ocr_line' id='line_1_13' title="bbox 191 1579 1311 1661; baseline 0 -13"><span class='ocrx_word' id='word_1_83' title='bbox 191 1583 375 1648; x_wconf 89' lang='lat' dir='ltr'><em>lambanam</em></span> <span class='ocrx_word' id='word_1_84' title='bbox 404 1579 544 1645; x_wconf 83' lang='lat' dir='ltr'><em>Imaoaii</em></span> <span class='ocrx_word' id='word_1_85' title='bbox 573 1580 715 1658; x_wconf 86' lang='lat' dir='ltr'><em>adierat,</em></span> <span class='ocrx_word' id='word_1_86' title='bbox 744 1579 800 1661; x_wconf 79' lang='lat' dir='ltr'><em>ani</em></span> <span class='ocrx_word' id='word_1_87' title='bbox 832 1601 888 1645; x_wconf 91' lang='lat' dir='ltr'><em>sno</em></span> <span class='ocrx_word' id='word_1_88' title='bbox 918 1581 1096 1647; x_wconf 88' lang='lat' dir='ltr'><em>ministerio</em></span> <span class='ocrx_word' id='word_1_89' title='bbox 1125 1583 1311 1650; x_wconf 82' lang='lat' dir='ltr'><em>adiunctam</em></span> 
     </span>
     <span class='ocr_line' id='line_1_14' title="bbox 191 1668 1311 1750; baseline 0.002 -14"><span class='ocrx_word' id='word_1_90' title='bbox 191 1692 262 1736; x_wconf 88' lang='lat' dir='ltr'><em>enm</em></span> <span class='ocrx_word' id='word_1_91' title='bbox 284 1669 465 1750; x_wconf 88' lang='lat' dir='ltr'><em>disciplinis</em></span> <span class='ocrx_word' id='word_1_92' title='bbox 487 1668 707 1734; x_wconf 88' lang='lat' dir='ltr'><em>ecclesiasticis</em></span> <span class='ocrx_word' id='word_1_93' title='bbox 729 1668 886 1734; x_wconf 79' lang='lat' dir='ltr'><em>instruere</em></span> <span class='ocrx_word' id='word_1_94' title='bbox 908 1671 1059 1735; x_wconf 84' lang='lat' dir='ltr'><em>stadebat.</em></span> <span class='ocrx_word' id='word_1_95' title='bbox 1106 1672 1182 1737; x_wconf 92' lang='lat' dir='ltr'><em>Iam</em></span> <span class='ocrx_word' id='word_1_96' title='bbox 1212 1674 1311 1738; x_wconf 90' lang='lat' dir='ltr'><em>abbas</em></span> 
     </span>
     <span class='ocr_line' id='line_1_15' title="bbox 192 1757 1310 1840; baseline 0.001 -16"><span class='ocrx_word' id='word_1_97' title='bbox 192 1765 316 1825; x_wconf 87' lang='lat' dir='ltr'><em>creatas</em></span> <span class='ocrx_word' id='word_1_98' title='bbox 353 1759 490 1838; x_wconf 84' lang='lat' dir='ltr'><em>eacmplo</em></span> <span class='ocrx_word' id='word_1_99' title='bbox 528 1757 676 1840; x_wconf 76' lang='lat' dir='ltr'><em>mapistri</em></span> <span class='ocrx_word' id='word_1_100' title='bbox 717 1757 921 1838; x_wconf 76' lang='lat' dir='ltr'><em>disciplinam</em></span> <span class='ocrx_word' id='word_1_101' title='bbox 961 1759 1139 1840; x_wconf 80' lang='lat' dir='ltr'><em>repnlarem</em></span> <span class='ocrx_word' id='word_1_102' title='bbox 1183 1760 1310 1839; x_wconf 83' lang='lat' dir='ltr'><em>fortiter</em></span> 
     </span>
     <span class='ocr_line' id='line_1_16' title="bbox 148 1845 1310 1930; baseline -0.001 -15"><span class='ocrx_word' id='word_1_103' title='bbox 148 1877 173 1917; x_wconf 80' lang='lat' dir='ltr'><em>a</em></span> <span class='ocrx_word' id='word_1_104' title='bbox 191 1850 361 1912; x_wconf 81' lang='lat' dir='ltr'><em>exercebat.</em></span> <span class='ocrx_word' id='word_1_105' title='bbox 408 1845 535 1911; x_wconf 80' lang='lat' dir='ltr'><em>Subditi</em></span> <span class='ocrx_word' id='word_1_106' title='bbox 557 1845 693 1910; x_wconf 87' lang='lat' dir='ltr'><em>nimiam</em></span> <span class='ocrx_word' id='word_1_107' title='bbox 716 1845 790 1910; x_wconf 93' lang='lat' dir='ltr'><em>noai</em></span> <span class='ocrx_word' id='word_1_108' title='bbox 807 1846 915 1927; x_wconf 92' lang='lat' dir='ltr'><em>patris</em></span> <span class='ocrx_word' id='word_1_109' title='bbox 936 1847 1093 1926; x_wconf 79' lang='lat' dir='ltr'><em>foramem</em></span> <span class='ocrx_word' id='word_1_110' title='bbox 1121 1847 1176 1912; x_wconf 84' lang='lat' dir='ltr'><em>oia</em></span> <span class='ocrx_word' id='word_1_111' title='bbox 1206 1870 1310 1930; x_wconf 78' lang='lat' dir='ltr'><em>aepre-</em></span> 
     </span>
     <span class='ocr_line' id='line_1_17' title="bbox 191 1933 1309 2019; baseline -0.001 -17"><span class='ocrx_word' id='word_1_112' title='bbox 191 1957 249 2019; x_wconf 77' lang='lat' dir='ltr'><em>qne</em></span> <span class='ocrx_word' id='word_1_113' title='bbox 271 1935 477 2015; x_wconf 78' lang='lat' dir='ltr'><em>sustinebant,</em></span> <span class='ocrx_word' id='word_1_114' title='bbox 502 1934 669 2014; x_wconf 74' lang='lat' dir='ltr'><em>animaene</em></span> <span class='ocrx_word' id='word_1_115' title='bbox 693 1933 843 2014; x_wconf 87' lang='lat' dir='ltr'><em>emnmoti,</em></span> <span class='ocrx_word' id='word_1_116' title='bbox 875 1955 945 1999; x_wconf 88' lang='lat' dir='ltr'><em>cnm</em></span> <span class='ocrx_word' id='word_1_117' title='bbox 968 1937 1008 1999; x_wconf 90' lang='lat' dir='ltr'><em>ab</em></span> <span class='ocrx_word' id='word_1_118' title='bbox 1034 1935 1103 2016; x_wconf 88' lang='lat' dir='ltr'><em>ipso</em></span> <span class='ocrx_word' id='word_1_119' title='bbox 1132 1937 1188 2000; x_wconf 92' lang='lat' dir='ltr'><em>din</em></span> <span class='ocrx_word' id='word_1_120' title='bbox 1218 1937 1309 2001; x_wconf 90' lang='lat' dir='ltr'><em>casti·</em></span> 
     </span>
     <span class='ocr_line' id='line_1_18' title="bbox 188 2021 1309 2108; baseline -0.001 -18"><span class='ocrx_word' id='word_1_121' title='bbox 188 2031 353 2108; x_wconf 75' lang='lat' dir='ltr'><em>parentur,</em></span> <span class='ocrx_word' id='word_1_122' title='bbox 378 2023 552 2088; x_wconf 91' lang='lat' dir='ltr'><em>libertatem</em></span> <span class='ocrx_word' id='word_1_123' title='bbox 574 2022 786 2087; x_wconf 78' lang='lat' dir='ltr'><em>desideratam</em></span> <span class='ocrx_word' id='word_1_124' title='bbox 808 2021 980 2104; x_wconf 78' lang='lat' dir='ltr'><em>qaaesiere,</em></span> <span class='ocrx_word' id='word_1_125' title='bbox 1004 2029 1096 2104; x_wconf 81' lang='lat' dir='ltr'><em>atqne</em></span> <span class='ocrx_word' id='word_1_126' title='bbox 1118 2025 1309 2089; x_wconf 90' lang='lat' dir='ltr'><em>monasterio</em></span> 
     </span>
     <span class='ocr_line' id='line_1_19' title="bbox 191 2110 1309 2193; baseline 0 -15"><span class='ocrx_word' id='word_1_127' title='bbox 191 2113 308 2193; x_wconf 89' lang='lat' dir='ltr'><em>relicto,</em></span> <span class='ocrx_word' id='word_1_128' title='bbox 339 2112 400 2178; x_wconf 91' lang='lat' dir='ltr'><em>olii</em></span> <span class='ocrx_word' id='word_1_129' title='bbox 429 2111 520 2176; x_wconf 89' lang='lat' dir='ltr'><em>sinas</em></span> <span class='ocrx_word' id='word_1_130' title='bbox 549 2111 728 2176; x_wconf 89' lang='lat' dir='ltr'><em>maritimos</em></span> <span class='ocrx_word' id='word_1_131' title='bbox 758 2110 875 2191; x_wconf 89' lang='lat' dir='ltr'><em>adiere,</em></span> <span class='ocrx_word' id='word_1_132' title='bbox 906 2110 966 2174; x_wconf 89' lang='lat' dir='ltr'><em>alii</em></span> <span class='ocrx_word' id='word_1_133' title='bbox 997 2111 1190 2177; x_wconf 89' lang='lat' dir='ltr'><em>eremiticam</em></span> <span class='ocrx_word' id='word_1_134' title='bbox 1224 2120 1309 2178; x_wconf 92' lang='lat' dir='ltr'><em>ante·</em></span> 
     </span>
     <span class='ocr_line' id='line_1_20' title="bbox 185 2198 1308 2284; baseline 0 -18"><span class='ocrx_word' id='word_1_135' title='bbox 185 2223 321 2284; x_wconf 79' lang='lat' dir='ltr'><em>pesclora</em></span> <span class='ocrx_word' id='word_1_136' title='bbox 349 2201 457 2280; x_wconf 78' lang='lat' dir='ltr'><em>ritant,</em></span> <span class='ocrx_word' id='word_1_137' title='bbox 487 2200 552 2264; x_wconf 89' lang='lat' dir='ltr'><em>siae</em></span> <span class='ocrx_word' id='word_1_138' title='bbox 582 2198 777 2265; x_wconf 88' lang='lat' dir='ltr'><em>commerciis</em></span> <span class='ocrx_word' id='word_1_139' title='bbox 805 2198 870 2262; x_wconf 91' lang='lat' dir='ltr'><em>siae</em></span> <span class='ocrx_word' id='word_1_140' title='bbox 900 2206 1020 2264; x_wconf 86' lang='lat' dir='ltr'><em>natare</em></span> <span class='ocrx_word' id='word_1_141' title='bbox 1048 2199 1151 2281; x_wconf 79' lang='lat' dir='ltr'><em>mapis</em></span> <span class='ocrx_word' id='word_1_142' title='bbox 1180 2201 1308 2266; x_wconf 88' lang='lat' dir='ltr'><em>delecta-</em></span> 
     </span>
     <span class='ocr_line' id='line_1_21' title="bbox 147 2289 1308 2372; baseline -0.003 -14"><span class='ocrx_word' id='word_1_143' title='bbox 147 2321 174 2360; x_wconf 76' lang='lat' dir='ltr'><em>so</em></span> <span class='ocrx_word' id='word_1_144' title='bbox 192 2293 328 2372; x_wconf 73' lang='lat' dir='ltr'><em>bontar,⁸</em></span> <span class='ocrx_word' id='word_1_145' title='bbox 349 2289 457 2354; x_wconf 88' lang='lat' dir='ltr'><em>abbati</em></span> <span class='ocrx_word' id='word_1_146' title='bbox 479 2309 552 2352; x_wconf 90' lang='lat' dir='ltr'><em>aero</em></span> <span class='ocrx_word' id='word_1_147' title='bbox 575 2289 739 2353; x_wconf 76' lang='lat' dir='ltr'><em>detrahere</em></span> <span class='ocrx_word' id='word_1_148' title='bbox 760 2308 824 2352; x_wconf 91' lang='lat' dir='ltr'><em>non</em></span> <span class='ocrx_word' id='word_1_149' title='bbox 840 2290 1012 2353; x_wconf 81' lang='lat' dir='ltr'><em>cessabant.</em></span> <span class='ocrx_word' id='word_1_150' title='bbox 1051 2289 1190 2354; x_wconf 89' lang='lat' dir='ltr'><em>Interim</em></span> <span class='ocrx_word' id='word_1_151' title='bbox 1205 2290 1308 2356; x_wconf 89' lang='lat' dir='ltr'><em>abiar·</em></span> 
     </span>
     <span class='ocr_line' id='line_1_22' title="bbox 191 2376 1308 2462; baseline 0.001 -19"><span class='ocrx_word' id='word_1_152' title='bbox 191 2385 283 2462; x_wconf 78' lang='lat' dir='ltr'><em>pater</em></span> <span class='ocrx_word' id='word_1_153' title='bbox 316 2377 605 2442; x_wconf 78' lang='lat' dir='ltr'><em>vehementissimas</em></span> <span class='ocrx_word' id='word_1_154' title='bbox 638 2383 767 2441; x_wconf 90' lang='lat' dir='ltr'><em>mertem</em></span> <span class='ocrx_word' id='word_1_155' title='bbox 801 2376 951 2441; x_wconf 89' lang='lat' dir='ltr'><em>occnbnit.</em></span> <span class='ocrx_word' id='word_1_156' title='bbox 1010 2378 1077 2460; x_wconf 76' lang='lat' dir='ltr'><em>an</em></span> <span class='ocrx_word' id='word_1_157' title='bbox 1107 2378 1198 2461; x_wconf 78' lang='lat' dir='ltr'><em>sipno</em></span> <span class='ocrx_word' id='word_1_158' title='bbox 1232 2380 1308 2444; x_wconf 91' lang='lat' dir='ltr'><em>tacti</em></span> 
     </span>
     <span class='ocr_line' id='line_1_23' title="bbox 185 2464 1307 2549; baseline 0.001 -18"><span class='ocrx_word' id='word_1_159' title='bbox 185 2466 323 2548; x_wconf 89' lang='lat' dir='ltr'><em>plnrimi</em></span> <span class='ocrx_word' id='word_1_160' title='bbox 346 2468 390 2531; x_wconf 90' lang='lat' dir='ltr'><em>ad</em></span> <span class='ocrx_word' id='word_1_161' title='bbox 412 2487 444 2530; x_wconf 89' lang='lat' dir='ltr'><em>se</em></span> <span class='ocrx_word' id='word_1_162' title='bbox 466 2464 638 2545; x_wconf 84' lang='lat' dir='ltr'><em>redierant,</em></span> <span class='ocrx_word' id='word_1_163' title='bbox 657 2465 899 2547; x_wconf 79' lang='lat' dir='ltr'><em>praemissaque</em></span> <span class='ocrx_word' id='word_1_164' title='bbox 921 2465 1119 2545; x_wconf 83' lang='lat' dir='ltr'><em>confessione</em></span> <span class='ocrx_word' id='word_1_165' title='bbox 1142 2467 1307 2549; x_wconf 90' lang='lat' dir='ltr'><em>paeniten-</em></span> 
     </span>
     <span class='ocr_line' id='line_1_24' title="bbox 192 2552 1307 2637; baseline 0.001 -17"><span class='ocrx_word' id='word_1_166' title='bbox 192 2555 306 2637; x_wconf 79' lang='lat' dir='ltr'><em>tiaqae,</em></span> <span class='ocrx_word' id='word_1_167' title='bbox 330 2553 438 2620; x_wconf 90' lang='lat' dir='ltr'><em>abbati</em></span> <span class='ocrx_word' id='word_1_168' title='bbox 460 2552 658 2618; x_wconf 88' lang='lat' dir='ltr'><em>reconciliati</em></span> <span class='ocrx_word' id='word_1_169' title='bbox 684 2560 766 2633; x_wconf 89' lang='lat' dir='ltr'><em>snnt,</em></span> <span class='ocrx_word' id='word_1_170' title='bbox 798 2554 911 2635; x_wconf 73' lang='lat' dir='ltr'><em>aniane</em></span> <span class='ocrx_word' id='word_1_171' title='bbox 940 2555 1129 2620; x_wconf 89' lang='lat' dir='ltr'><em>aerecnndia</em></span> <span class='ocrx_word' id='word_1_172' title='bbox 1159 2563 1233 2621; x_wconf 89' lang='lat' dir='ltr'><em>tnnc</em></span> <span class='ocrx_word' id='word_1_173' title='bbox 1262 2578 1307 2621; x_wconf 93' lang='lat' dir='ltr'><em>re·</em></span> 
     </span>
     <span class='ocr_line' id='line_1_25' title="bbox 191 2642 1308 2726; baseline 0.001 -17"><span class='ocrx_word' id='word_1_174' title='bbox 191 2644 383 2723; x_wconf 89' lang='lat' dir='ltr'><em>tinebantar,</em></span> <span class='ocrx_word' id='word_1_175' title='bbox 408 2642 545 2707; x_wconf 83' lang='lat' dir='ltr'><em>elimam</em></span> <span class='ocrx_word' id='word_1_176' title='bbox 567 2648 665 2706; x_wconf 89' lang='lat' dir='ltr'><em>morte</em></span> <span class='ocrx_word' id='word_1_177' title='bbox 681 2642 848 2722; x_wconf 87' lang='lat' dir='ltr'><em>perterriti</em></span> <span class='ocrx_word' id='word_1_178' title='bbox 871 2649 986 2726; x_wconf 90' lang='lat' dir='ltr'><em>postea</em></span> <span class='ocrx_word' id='word_1_179' title='bbox 1008 2643 1044 2708; x_wconf 91' lang='lat' dir='ltr'><em>in</em></span> <span class='ocrx_word' id='word_1_180' title='bbox 1072 2644 1213 2726; x_wconf 70' lang='lat' dir='ltr'><em>qratiam</em></span> <span class='ocrx_word' id='word_1_181' title='bbox 1243 2667 1308 2710; x_wconf 88' lang='lat' dir='ltr'><em>snc-</em></span> 
     </span>
     <span class='ocr_line' id='line_1_26' title="bbox 147 2729 1308 2815; baseline -0.003 -14"><span class='ocrx_word' id='word_1_182' title='bbox 147 2761 173 2802; x_wconf 78' lang='lat' dir='ltr'><em>a</em></span> <span class='ocrx_word' id='word_1_183' title='bbox 191 2753 317 2798; x_wconf 88' lang='lat' dir='ltr'><em>cessere.</em></span> <span class='ocrx_word' id='word_1_184' title='bbox 365 2729 522 2795; x_wconf 88' lang='lat' dir='ltr'><em>Monacbi</em></span> <span class='ocrx_word' id='word_1_185' title='bbox 544 2730 717 2795; x_wconf 88' lang='lat' dir='ltr'><em>Bobienses</em></span> <span class='ocrx_word' id='word_1_186' title='bbox 739 2731 820 2796; x_wconf 89' lang='lat' dir='ltr'><em>sicat</em></span> <span class='ocrx_word' id='word_1_187' title='bbox 834 2731 1048 2797; x_wconf 85' lang='lat' dir='ltr'><em>Lnaoaienses</em></span> <span class='ocrx_word' id='word_1_188' title='bbox 1071 2733 1144 2815; x_wconf 76' lang='lat' dir='ltr'><em>apri</em></span> <span class='ocrx_word' id='word_1_189' title='bbox 1167 2734 1308 2799; x_wconf 89' lang='lat' dir='ltr'><em>cnltnroe</em></span> 
     </span>
     <span class='ocr_line' id='line_1_27' title="bbox 191 2820 1308 2901; baseline 0 -16"><span class='ocrx_word' id='word_1_190' title='bbox 191 2822 349 2886; x_wconf 87' lang='lat' dir='ltr'><em>vocabant</em></span> <span class='ocrx_word' id='word_1_191' title='bbox 371 2820 569 2899; x_wconf 80' lang='lat' dir='ltr'><em>tcllnremqne</em></span> <span class='ocrx_word' id='word_1_192' title='bbox 592 2822 637 2884; x_wconf 92' lang='lat' dir='ltr'><em>ad</em></span> <span class='ocrx_word' id='word_1_193' title='bbox 657 2821 820 2899; x_wconf 83' lang='lat' dir='ltr'><em>framenta</em></span> <span class='ocrx_word' id='word_1_194' title='bbox 842 2820 1045 2901; x_wconf 84' lang='lat' dir='ltr'><em>suscipienda</em></span> <span class='ocrx_word' id='word_1_195' title='bbox 1074 2842 1194 2886; x_wconf 92' lang='lat' dir='ltr'><em>aomere</em></span> <span class='ocrx_word' id='word_1_196' title='bbox 1224 2842 1308 2886; x_wconf 81' lang='lat' dir='ltr'><em>esco-</em></span> 
     </span>
     <span class='ocr_line' id='line_1_28' title="bbox 192 2907 1308 2991; baseline 0 -17"><span class='ocrx_word' id='word_1_197' title='bbox 192 2910 306 2974; x_wconf 89' lang='lat' dir='ltr'><em>lebant.</em></span> <span class='ocrx_word' id='word_1_198' title='bbox 370 2907 449 2973; x_wconf 78' lang='lat' dir='ltr'><em>(lam</em></span> <span class='ocrx_word' id='word_1_199' title='bbox 485 2908 590 2986; x_wconf 87' lang='lat' dir='ltr'><em>frater</em></span> <span class='ocrx_word' id='word_1_200' title='bbox 623 2908 753 2989; x_wconf 79' lang='lat' dir='ltr'><em>qnidam</em></span> <span class='ocrx_word' id='word_1_201' title='bbox 786 2908 824 2972; x_wconf 92' lang='lat' dir='ltr'><em>in</em></span> <span class='ocrx_word' id='word_1_202' title='bbox 860 2911 1047 2988; x_wconf 89' lang='lat' dir='ltr'><em>reparanda</em></span> <span class='ocrx_word' id='word_1_203' title='bbox 1083 2909 1166 2974; x_wconf 90' lang='lat' dir='ltr'><em>stiaa</em></span> <span class='ocrx_word' id='word_1_204' title='bbox 1202 2911 1308 2991; x_wconf 80' lang='lat' dir='ltr'><em>plebae</em></span> 
     </span>
     <span class='ocr_line' id='line_1_29' title="bbox 191 2995 1309 3079; baseline -0.004 -15"><span class='ocrx_word' id='word_1_205' title='bbox 191 2997 363 3079; x_wconf 87' lang='lat' dir='ltr'><em>asperitate</em></span> <span class='ocrx_word' id='word_1_206' title='bbox 384 2996 551 3074; x_wconf 86' lang='lat' dir='ltr'><em>confracta</em></span> <span class='ocrx_word' id='word_1_207' title='bbox 566 2996 714 3077; x_wconf 87' lang='lat' dir='ltr'><em>pollicem</em></span> <span class='ocrx_word' id='word_1_208' title='bbox 736 2995 927 3076; x_wconf 84' lang='lat' dir='ltr'><em>abscidisset,</em></span> <span class='ocrx_word' id='word_1_209' title='bbox 944 2996 1047 3076; x_wconf 84' lang='lat' dir='ltr'><em>ipsam</em></span> <span class='ocrx_word' id='word_1_210' title='bbox 1061 2997 1206 3078; x_wconf 78' lang='lat' dir='ltr'><em>anamais</em></span> <span class='ocrx_word' id='word_1_211' title='bbox 1222 3003 1309 3061; x_wconf 88' lang='lat' dir='ltr'><em>terra</em></span> 
     </span>
     <span class='ocr_line' id='line_1_30' title="bbox 192 3083 1309 3165; baseline -0.003 -14"><span class='ocrx_word' id='word_1_212' title='bbox 192 3087 259 3151; x_wconf 90' lang='lat' dir='ltr'><em>iam</em></span> <span class='ocrx_word' id='word_1_213' title='bbox 297 3084 456 3150; x_wconf 88' lang='lat' dir='ltr'><em>conditam</em></span> <span class='ocrx_word' id='word_1_214' title='bbox 489 3085 612 3149; x_wconf 79' lang='lat' dir='ltr'><em>Atbala</em></span> <span class='ocrx_word' id='word_1_215' title='bbox 648 3084 761 3149; x_wconf 89' lang='lat' dir='ltr'><em>manni</em></span> <span class='ocrx_word' id='word_1_216' title='bbox 798 3083 949 3148; x_wconf 87' lang='lat' dir='ltr'><em>adinnrrit</em></span> <span class='ocrx_word' id='word_1_217' title='bbox 984 3105 1128 3164; x_wconf 76' lang='lat' dir='ltr'><em>morcone</em></span> <span class='ocrx_word' id='word_1_218' title='bbox 1161 3084 1309 3165; x_wconf 76' lang='lat' dir='ltr'><em>mapistri</em></span> 
     </span>
     <span class='ocr_line' id='line_1_31' title="bbox 147 3171 1308 3252; baseline -0.003 -13"><span class='ocrx_word' id='word_1_219' title='bbox 147 3205 175 3247; x_wconf 73' lang='lat' dir='ltr'><em>a</em></span> <span class='ocrx_word' id='word_1_220' title='bbox 192 3173 330 3240; x_wconf 87' lang='lat' dir='ltr'><em>sanarit.</em></span> <span class='ocrx_word' id='word_1_221' title='bbox 376 3173 587 3237; x_wconf 87' lang='lat' dir='ltr'><em>Framentnm</em></span> <span class='ocrx_word' id='word_1_222' title='bbox 610 3172 733 3238; x_wconf 88' lang='lat' dir='ltr'><em>borreis</em></span> <span class='ocrx_word' id='word_1_223' title='bbox 756 3171 924 3252; x_wconf 66' lang='lat' dir='ltr'><em>conditam</em></span> <span class='ocrx_word' id='word_1_224' title='bbox 948 3177 983 3235; x_wconf 89' lang='lat' dir='ltr'><em>at</em></span> <span class='ocrx_word' id='word_1_225' title='bbox 1008 3171 1045 3236; x_wconf 91' lang='lat' dir='ltr'><em>in</em></span> <span class='ocrx_word' id='word_1_226' title='bbox 1072 3172 1221 3251; x_wconf 82' lang='lat' dir='ltr'><em>farinam</em></span> <span class='ocrx_word' id='word_1_227' title='bbox 1243 3193 1308 3235; x_wconf 92' lang='lat' dir='ltr'><em>mn·</em></span> 
     </span>
     <span class='ocr_line' id='line_1_32' title="bbox 193 3259 1308 3343; baseline -0.003 -15"><span class='ocrx_word' id='word_1_228' title='bbox 193 3268 292 3328; x_wconf 89' lang='lat' dir='ltr'><em>totam</em></span> <span class='ocrx_word' id='word_1_229' title='bbox 314 3260 411 3326; x_wconf 89' lang='lat' dir='ltr'><em>oietni</em></span> <span class='ocrx_word' id='word_1_230' title='bbox 433 3260 571 3326; x_wconf 83' lang='lat' dir='ltr'><em>lamone</em></span> <span class='ocrx_word' id='word_1_231' title='bbox 594 3263 810 3343; x_wconf 87' lang='lat' dir='ltr'><em>adaptaretnr,</em></span> <span class='ocrx_word' id='word_1_232' title='bbox 833 3259 870 3323; x_wconf 90' lang='lat' dir='ltr'><em>in</em></span> <span class='ocrx_word' id='word_1_233' title='bbox 890 3259 1104 3325; x_wconf 81' lang='lat' dir='ltr'><em>molendinum</em></span> <span class='ocrx_word' id='word_1_234' title='bbox 1119 3262 1308 3326; x_wconf 85' lang='lat' dir='ltr'><em>tradendam</em></span> 
     </span>
     <span class='ocr_line' id='line_1_33' title="bbox 193 3347 1308 3415; baseline -0.001 0"><span class='ocrx_word' id='word_1_235' title='bbox 193 3357 273 3415; x_wconf 89' lang='lat' dir='ltr'><em>erat.</em></span> <span class='ocrx_word' id='word_1_236' title='bbox 319 3351 405 3414; x_wconf 86' lang='lat' dir='ltr'><em>Erat</em></span> <span class='ocrx_word' id='word_1_237' title='bbox 425 3356 529 3415; x_wconf 88' lang='lat' dir='ltr'><em>antem</em></span> <span class='ocrx_word' id='word_1_238' title='bbox 558 3349 772 3414; x_wconf 78' lang='lat' dir='ltr'><em>molendinum</em></span> <span class='ocrx_word' id='word_1_239' title='bbox 801 3347 987 3413; x_wconf 89' lang='lat' dir='ltr'><em>monasterii</em></span> <span class='ocrx_word' id='word_1_240' title='bbox 1016 3351 1061 3413; x_wconf 92' lang='lat' dir='ltr'><em>ad</em></span> <span class='ocrx_word' id='word_1_241' title='bbox 1082 3348 1220 3414; x_wconf 91' lang='lat' dir='ltr'><em>Babinm</em></span> <span class='ocrx_word' id='word_1_242' title='bbox 1249 3356 1308 3414; x_wconf 93' lang='lat' dir='ltr'><em>tor·</em></span> 
     </span>
     <span class='ocr_line' id='line_1_34' title="bbox 192 3436 1310 3522; baseline -0.001 -17"><span class='ocrx_word' id='word_1_243' title='bbox 192 3445 311 3504; x_wconf 91' lang='lat' dir='ltr'><em>rentem</em></span> <span class='ocrx_word' id='word_1_244' title='bbox 346 3437 448 3519; x_wconf 91' lang='lat' dir='ltr'><em>sitnm,</em></span> <span class='ocrx_word' id='word_1_245' title='bbox 484 3438 572 3520; x_wconf 78' lang='lat' dir='ltr'><em>eiam</em></span> <span class='ocrx_word' id='word_1_246' title='bbox 606 3459 690 3503; x_wconf 89' lang='lat' dir='ltr'><em>anns</em></span> <span class='ocrx_word' id='word_1_247' title='bbox 723 3458 762 3502; x_wconf 82' lang='lat' dir='ltr'><em>ca</em></span> <span class='ocrx_word' id='word_1_248' title='bbox 791 3436 951 3516; x_wconf 81' lang='lat' dir='ltr'><em>fratribus</em></span> <span class='ocrx_word' id='word_1_249' title='bbox 981 3444 1082 3502; x_wconf 88' lang='lat' dir='ltr'><em>castos</em></span> <span class='ocrx_word' id='word_1_250' title='bbox 1104 3439 1310 3522; x_wconf 64' lang='lat' dir='ltr'><em>praepositio</em></span> 
     </span>
     <span class='ocr_line' id='line_1_35' title="bbox 193 3525 1309 3608; baseline 0.002 -18"><span class='ocrx_word' id='word_1_251' title='bbox 193 3548 322 3592; x_wconf 88' lang='lat' dir='ltr'><em>manere</em></span> <span class='ocrx_word' id='word_1_252' title='bbox 355 3525 436 3591; x_wconf 90' lang='lat' dir='ltr'><em>satis</em></span> <span class='ocrx_word' id='word_1_253' title='bbox 459 3526 637 3608; x_wconf 91' lang='lat' dir='ltr'><em>periealoso</em></span> <span class='ocrx_word' id='word_1_254' title='bbox 666 3527 860 3608; x_wconf 77' lang='lat' dir='ltr'><em>fnnpebatnr</em></span> <span class='ocrx_word' id='word_1_255' title='bbox 889 3532 1031 3607; x_wconf 89' lang='lat' dir='ltr'><em>tempore,</em></span> <span class='ocrx_word' id='word_1_256' title='bbox 1063 3546 1123 3608; x_wconf 78' lang='lat' dir='ltr'><em>qno</em></span> <span class='ocrx_word' id='word_1_257' title='bbox 1153 3548 1309 3608; x_wconf 80' lang='lat' dir='ltr'><em>aqnarnm</em></span> 
     </span>
     <span class='ocr_line' id='line_1_36' title="bbox 148 3614 1310 3697; baseline -0.005 -11"><span class='ocrx_word' id='word_1_258' title='bbox 148 3645 175 3687; x_wconf 75' lang='lat' dir='ltr'><em>es</em></span> <span class='ocrx_word' id='word_1_259' title='bbox 193 3616 288 3681; x_wconf 80' lang='lat' dir='ltr'><em>aeoles</em></span> <span class='ocrx_word' id='word_1_260' title='bbox 311 3636 349 3679; x_wconf 84' lang='lat' dir='ltr'><em>ea</em></span> <span class='ocrx_word' id='word_1_261' title='bbox 377 3615 534 3680; x_wconf 85' lang='lat' dir='ltr'><em>montibns</em></span> <span class='ocrx_word' id='word_1_262' title='bbox 566 3616 711 3696; x_wconf 89' lang='lat' dir='ltr'><em>delapsae</em></span> <span class='ocrx_word' id='word_1_263' title='bbox 741 3614 873 3695; x_wconf 84' lang='lat' dir='ltr'><em>rapibns</em></span> <span class='ocrx_word' id='word_1_264' title='bbox 902 3615 1128 3697; x_wconf 79' lang='lat' dir='ltr'><em>arbaribnsqne</em></span> <span class='ocrx_word' id='word_1_265' title='bbox 1158 3616 1310 3697; x_wconf 79' lang='lat' dir='ltr'><em>conpestis</em></span> 
     </span>
     <span class='ocr_line' id='line_1_37' title="bbox 193 3702 1309 3785; baseline 0 -17"><span class='ocrx_word' id='word_1_266' title='bbox 193 3710 289 3769; x_wconf 91' lang='lat' dir='ltr'><em>totam</em></span> <span class='ocrx_word' id='word_1_267' title='bbox 318 3703 485 3783; x_wconf 66' lang='lat' dir='ltr'><em>officinam</em></span> <span class='ocrx_word' id='word_1_268' title='bbox 513 3705 689 3785; x_wconf 79' lang='lat' dir='ltr'><em>demerpere</em></span> <span class='ocrx_word' id='word_1_269' title='bbox 719 3702 910 3767; x_wconf 82' lang='lat' dir='ltr'><em>nitebantur.</em></span> <span class='ocrx_word' id='word_1_270' title='bbox 964 3704 1087 3769; x_wconf 85' lang='lat' dir='ltr'><em>Atbala</em></span> <span class='ocrx_word' id='word_1_271' title='bbox 1116 3725 1181 3768; x_wconf 92' lang='lat' dir='ltr'><em>non</em></span> <span class='ocrx_word' id='word_1_272' title='bbox 1209 3705 1309 3768; x_wconf 88' lang='lat' dir='ltr'><em>solnm</em></span> 
     </span>
     <span class='ocr_line' id='line_1_38' title="bbox 193 3790 1310 3874; baseline 0 -17"><span class='ocrx_word' id='word_1_273' title='bbox 193 3792 354 3874; x_wconf 79' lang='lat' dir='ltr'><em>sinpnlari</em></span> <span class='ocrx_word' id='word_1_274' title='bbox 376 3793 500 3871; x_wconf 83' lang='lat' dir='ltr'><em>ferrare</em></span> <span class='ocrx_word' id='word_1_275' title='bbox 522 3791 685 3872; x_wconf 85' lang='lat' dir='ltr'><em>eminebat,</em></span> <span class='ocrx_word' id='word_1_276' title='bbox 709 3793 765 3856; x_wconf 88' lang='lat' dir='ltr'><em>sed</em></span> <span class='ocrx_word' id='word_1_277' title='bbox 785 3790 882 3855; x_wconf 91' lang='lat' dir='ltr'><em>etiam</em></span> <span class='ocrx_word' id='word_1_278' title='bbox 896 3791 1093 3872; x_wconf 80' lang='lat' dir='ltr'><em>qaaestiones</em></span> <span class='ocrx_word' id='word_1_279' title='bbox 1107 3792 1310 3872; x_wconf 76' lang='lat' dir='ltr'><em>difficiliores</em></span> 
     </span>
     <span class='ocr_line' id='line_1_39' title="bbox 193 3878 1311 3962; baseline 0.002 -17"><span class='ocrx_word' id='word_1_280' title='bbox 193 3887 223 3945; x_wconf 90' lang='lat' dir='ltr'><em>ct</em></span> <span class='ocrx_word' id='word_1_281' title='bbox 255 3881 372 3945; x_wconf 84' lang='lat' dir='ltr'><em>solvere</em></span> <span class='ocrx_word' id='word_1_282' title='bbox 406 3887 436 3944; x_wconf 94' lang='lat' dir='ltr'><em>et</em></span> <span class='ocrx_word' id='word_1_283' title='bbox 468 3901 621 3962; x_wconf 90' lang='lat' dir='ltr'><em>opponere</em></span> <span class='ocrx_word' id='word_1_284' title='bbox 648 3885 783 3961; x_wconf 92' lang='lat' dir='ltr'><em>poterat,</em></span> <span class='ocrx_word' id='word_1_285' title='bbox 818 3878 867 3944; x_wconf 90' lang='lat' dir='ltr'><em>ita</em></span> <span class='ocrx_word' id='word_1_286' title='bbox 900 3886 936 3943; x_wconf 90' lang='lat' dir='ltr'><em>nt</em></span> <span class='ocrx_word' id='word_1_287' title='bbox 968 3880 1110 3945; x_wconf 79' lang='lat' dir='ltr'><em>Arianis</em></span> <span class='ocrx_word' id='word_1_288' title='bbox 1142 3880 1311 3947; x_wconf 87' lang='lat' dir='ltr'><em>baeretieis</em></span> 
     </span>
     <span class='ocr_line' id='line_1_40' title="bbox 192 3967 1310 4050; baseline 0 -17"><span class='ocrx_word' id='word_1_289' title='bbox 192 3968 321 4048; x_wconf 81' lang='lat' dir='ltr'><em>fortiter</em></span> <span class='ocrx_word' id='word_1_290' title='bbox 342 3967 488 4033; x_wconf 87' lang='lat' dir='ltr'><em>resistere</em></span> <span class='ocrx_word' id='word_1_291' title='bbox 510 3969 636 4033; x_wconf 89' lang='lat' dir='ltr'><em>aaleret.</em></span> <span class='ocrx_word' id='word_1_292' title='bbox 687 3967 749 4048; x_wconf 76' lang='lat' dir='ltr'><em>Qni</em></span> <span class='ocrx_word' id='word_1_293' title='bbox 772 3988 841 4032; x_wconf 86' lang='lat' dir='ltr'><em>cnm</em></span> <span class='ocrx_word' id='word_1_294' title='bbox 857 3970 1065 4049; x_wconf 72' lang='lat' dir='ltr'><em>praecedente</em></span> <span class='ocrx_word' id='word_1_295' title='bbox 1087 3989 1159 4050; x_wconf 76' lang='lat' dir='ltr'><em>repe</em></span> <span class='ocrx_word' id='word_1_296' title='bbox 1181 3968 1310 4050; x_wconf 80' lang='lat' dir='ltr'><em>amantis</em></span> 
     </span>
     <span class='ocr_line' id='line_1_41' title="bbox 147 4055 1310 4140; baseline -0.005 -13"><span class='ocrx_word' id='word_1_297' title='bbox 147 4087 175 4127; x_wconf 76' lang='lat' dir='ltr'><em>eo</em></span> <span class='ocrx_word' id='word_1_298' title='bbox 187 4063 338 4140; x_wconf 92' lang='lat' dir='ltr'><em>poterant</em></span> <span class='ocrx_word' id='word_1_299' title='bbox 359 4056 482 4121; x_wconf 88' lang='lat' dir='ltr'><em>airibns</em></span> <span class='ocrx_word' id='word_1_300' title='bbox 503 4055 730 4121; x_wconf 88' lang='lat' dir='ltr'><em>monasterinm</em></span> <span class='ocrx_word' id='word_1_301' title='bbox 745 4055 943 4120; x_wconf 89' lang='lat' dir='ltr'><em>snbleaarent</em></span> <span class='ocrx_word' id='word_1_302' title='bbox 958 4077 1137 4139; x_wconf 80' lang='lat' dir='ltr'><em>omnemqac</em></span> <span class='ocrx_word' id='word_1_303' title='bbox 1152 4057 1310 4137; x_wconf 77' lang='lat' dir='ltr'><em>fratribus</em></span> 
     </span>
    </p>
   </div>
   <div class='ocr_carea' id='block_1_3' title="bbox 193 4245 1314 4455">
    <p class='ocr_par' dir='ltr' id='par_1_3' title="bbox 193 4245 1310 4453">
     <span class='ocr_line' id='line_1_42' title="bbox 195 4245 1310 4314; baseline -0.004 -12"><span class='ocrx_word' id='word_1_304' title='bbox 195 4249 222 4314; x_wconf 81' lang='lat'><em>1)</em></span> <span class='ocrx_word' id='word_1_305' title='bbox 248 4248 279 4302; x_wconf 89' lang='lat' dir='ltr'><em>V.</em></span> <span class='ocrx_word' id='word_1_306' title='bbox 299 4247 416 4300; x_wconf 80' lang='lat' dir='ltr'><em>Columb.</em></span> <span class='ocrx_word' id='word_1_307' title='bbox 433 4248 473 4313; x_wconf 90' lang='lat' dir='ltr'><em>II,</em></span> <span class='ocrx_word' id='word_1_308' title='bbox 488 4249 569 4301; x_wconf 84' lang='grc'><em>1-6</em></span> <span class='ocrx_word' id='word_1_309' title='bbox 605 4246 707 4298; x_wconf 89' lang='lat' dir='ltr'><em>Nomen</em></span> <span class='ocrx_word' id='word_1_310' title='bbox 727 4247 915 4298; x_wconf 79' lang='lat' dir='ltr'><em>Germanicum</em></span> <span class='ocrx_word' id='word_1_311' title='bbox 940 4254 970 4298; x_wconf 89' lang='lat' dir='ltr'><em>at</em></span> <span class='ocrx_word' id='word_1_312' title='bbox 987 4245 1091 4300; x_wconf 78' lang='lat' dir='ltr'><em>Athela</em></span> <span class='ocrx_word' id='word_1_313' title='bbox 1109 4248 1184 4313; x_wconf 79' lang='lat' dir='ltr'><em>apud</em></span> <span class='ocrx_word' id='word_1_314' title='bbox 1203 4247 1310 4299; x_wconf 80' lang='lat' dir='ltr'><em>Cassio·</em></span> 
     </span>
     <span class='ocr_line' id='line_1_43' title="bbox 193 4317 1314 4387; baseline 0.003 -17"><span class='ocrx_word' id='word_1_315' title='bbox 193 4319 290 4370; x_wconf 83' lang='lat' dir='ltr'><em>doram</em></span> <span class='ocrx_word' id='word_1_316' title='bbox 307 4320 391 4384; x_wconf 82' lang='lat' dir='ltr'><em>(Ver,</em></span> <span class='ocrx_word' id='word_1_317' title='bbox 411 4318 464 4385; x_wconf 90' lang='lat' dir='ltr'><em>XI,</em></span> <span class='ocrx_word' id='word_1_318' title='bbox 479 4317 624 4384; x_wconf 81' lang='lat' dir='ltr'><em>1),tAtha1</em></span> <span class='ocrx_word' id='word_1_319' title='bbox 649 4318 722 4385; x_wconf 77' lang='lat' dir='ltr'><em>apccd</em></span> <span class='ocrx_word' id='word_1_320' title='bbox 739 4317 883 4369; x_wconf 85' lang='lat' dir='ltr'><em>Iordanem</em></span> <span class='ocrx_word' id='word_1_321' title='bbox 907 4318 996 4382; x_wconf 77' lang='lat' dir='ltr'><em>(.Anot</em></span> <span class='ocrx_word' id='word_1_322' title='bbox 1014 4320 1098 4383; x_wconf 82' lang='lat' dir='ltr'><em>antiq</em></span> <span class='ocrx_word' id='word_1_323' title='bbox 1117 4319 1186 4384; x_wconf 88' lang='lat' dir='ltr'><em>V,l,</em></span> <span class='ocrx_word' id='word_1_324' title='bbox 1202 4319 1314 4387; x_wconf 75' lang='lat' dir='ltr'><em>ples)</em></span> 
     </span>
     <span class='ocr_line' id='line_1_44' title="bbox 194 4327 1309 4455; baseline -0.004 -15"><span class='ocrx_word' id='word_1_325' title='bbox 194 4390 279 4455; x_wconf 79' lang='lat' dir='ltr'><em>aadr&#39;t,</em></span> <span class='ocrx_word' id='word_1_326' title='bbox 304 4327 344 4441; x_wconf 80' lang='lat' dir='ltr'><em>ita</em></span> <span class='ocrx_word' id='word_1_327' title='bbox 368 4393 398 4442; x_wconf 83' lang='lat' dir='ltr'><em>in</em></span> <span class='ocrx_word' id='word_1_328' title='bbox 423 4357 577 4442; x_wconf 75' lang='lat' dir='ltr'><em>milioribus</em></span> <span class='ocrx_word' id='word_1_329' title='bbox 595 4389 692 4441; x_wconf 85' lang='lat' dir='ltr'><em>Ionae</em></span> <span class='ocrx_word' id='word_1_330' title='bbox 700 4387 830 4440; x_wconf 74' lang='lat' dir='ltr'><em>aeditibus</em></span> <span class='ocrx_word' id='word_1_331' title='bbox 847 4327 951 4440; x_wconf 62' lang='lat' dir='ltr'><em>Achilla</em></span> <span class='ocrx_word' id='word_1_332' title='bbox 968 4393 992 4441; x_wconf 85' lang='grc' dir='ltr'><em>ει</em></span> <span class='ocrx_word' id='word_1_333' title='bbox 1009 4388 1094 4441; x_wconf 80' lang='lat' dir='ltr'><em>Atala</em></span> <span class='ocrx_word' id='word_1_334' title='bbox 1117 4356 1246 4453; x_wconf 79' lang='lat' dir='ltr'><em>siriptnm</em></span> <span class='ocrx_word' id='word_1_335' title='bbox 1264 4392 1309 4440; x_wconf 91' lang='grc' dir='ltr'><em>εει.</em></span> 
     </span>
    </p>
   </div>
   <div class='ocr_carea' id='block_1_4' title="bbox 1096 4475 1131 4528">
    <p class='ocr_par' dir='ltr' id='par_1_4' title="bbox 1096 4475 1131 4528">
     <span class='ocr_line' id='line_1_45' title="bbox 1096 4475 1131 4528; baseline 0 -18"><span class='ocrx_word' id='word_1_336' title='bbox 1096 4475 1131 4528; x_wconf 77' lang='grc'><em>3*</em></span> 
     </span>
    </p>
   </div>
   <div class='ocr_carea' id='block_1_5' title="bbox 0 0 1494 4928">
    <p class='ocr_par' dir='ltr' id='par_1_5' title="bbox 0 0 1494 4928">
     <span class='ocr_line' id='line_1_46' title="bbox 0 0 1494 4928; baseline 0 0"><span class='ocrx_word' id='word_1_337' title='bbox 0 0 1494 4928; x_wconf 95' lang='lat' dir='ltr'><em> </em></span> 
     </span>
    </p>
   </div>
  </div>
 </body>
</html>
