<?xml version="1.0" encoding="UTF-8"?>
<!DOCTYPE html PUBLIC "-//W3C//DTD XHTML 1.0 Transitional//EN"
    "http://www.w3.org/TR/xhtml1/DTD/xhtml1-transitional.dtd">
<html xmlns="http://www.w3.org/1999/xhtml" xml:lang="en" lang="en">
 <head>
  <title>
</title>
<meta http-equiv="Content-Type" content="text/html;charset=utf-8" />
  <meta name='ocr-system' content='tesseract 3.04.00' />
  <meta name='ocr-capabilities' content='ocr_page ocr_carea ocr_par ocr_line ocrx_word'/>
</head>
<body>
  <div class='ocr_page' id='page_1' title='image "./ionaevitaesanct01jonagoog_0033.png"; bbox 0 0 2978 4928; ppageno 0'>
   <div class='ocr_carea' id='block_1_1' title="bbox 155 371 1057 445">
    <p class='ocr_par' dir='ltr' id='par_1_1' title="bbox 155 371 1057 445">
     <span class='ocr_line' id='line_1_1' title="bbox 155 371 1057 445; baseline -0.003 -13"><span class='ocrx_word' id='word_1_1' title='bbox 155 379 189 432; x_wconf 80' lang='lat'><strong><em>16</em></strong></span> <span class='ocrx_word' id='word_1_2' title='bbox 367 373 491 445; x_wconf 77' lang='lat' dir='ltr'>10NAS,</span> <span class='ocrx_word' id='word_1_3' title='bbox 505 372 627 429; x_wconf 77' lang='lat' dir='ltr'>VITAE</span> <span class='ocrx_word' id='word_1_4' title='bbox 645 371 874 428; x_wconf 74' lang='lat' dir='ltr'>COLUMBANI</span> <span class='ocrx_word' id='word_1_5' title='bbox 891 371 1000 427; x_wconf 86' lang='lat' dir='ltr'><strong>LIBRI</strong></span> <span class='ocrx_word' id='word_1_6' title='bbox 1018 371 1057 429; x_wconf 90' lang='lat' dir='ltr'><strong><em>H.</em></strong></span> 
     </span>
    </p>
   </div>
   <div class='ocr_carea' id='block_1_2' title="bbox 12 554 1314 4186">
    <p class='ocr_par' dir='ltr' id='par_1_2' title="bbox 144 554 1314 1615">
     <span class='ocr_line' id='line_1_2' title="bbox 153 554 1272 640; baseline -0.001 -18"><span class='ocrx_word' id='word_1_7' title='bbox 153 565 293 622; x_wconf 87' lang='lat' dir='ltr'><strong><em>uotorum</em></strong></span> <span class='ocrx_word' id='word_1_8' title='bbox 311 556 479 622; x_wconf 86' lang='lat' dir='ltr'><strong><em>diuersitas</em></strong></span> <span class='ocrx_word' id='word_1_9' title='bbox 494 555 654 640; x_wconf 80' lang='lat' dir='ltr'><strong><em>profectui</em></strong></span> <span class='ocrx_word' id='word_1_10' title='bbox 671 562 802 636; x_wconf 78' lang='lat' dir='ltr'><strong><em>noceret,</em></strong></span> <span class='ocrx_word' id='word_1_11' title='bbox 824 575 996 636; x_wconf 76' lang='lat' dir='ltr'><strong><em>omnesque,</em></strong></span> <span class='ocrx_word' id='word_1_12' title='bbox 1018 554 1163 636; x_wconf 76' lang='lat' dir='ltr'><strong><em>quamvis</em></strong></span> <span class='ocrx_word' id='word_1_13' title='bbox 1180 555 1272 621; x_wconf 84' lang='lat' dir='ltr'><strong><em>multi</em></strong></span> 
     </span>
     <span class='ocr_line' id='line_1_3' title="bbox 153 644 1271 727; baseline -0.001 -17"><span class='ocrx_word' id='word_1_14' title='bbox 153 651 262 727; x_wconf 84' lang='lat' dir='ltr'><strong><em>essent,</em></strong></span> <span class='ocrx_word' id='word_1_15' title='bbox 293 647 338 710; x_wconf 94' lang='lat' dir='ltr'><strong><em>ad</em></strong></span> <span class='ocrx_word' id='word_1_16' title='bbox 366 666 436 710; x_wconf 88' lang='lat' dir='ltr'><strong><em>eum</em></strong></span> <span class='ocrx_word' id='word_1_17' title='bbox 466 644 627 727; x_wconf 82' lang='lat' dir='ltr'><strong><em>delepaoit,</em></strong></span> <span class='ocrx_word' id='word_1_18' title='bbox 658 644 713 725; x_wconf 79' lang='lat' dir='ltr'><strong><em>qui</em></strong></span> <span class='ocrx_word' id='word_1_19' title='bbox 742 645 812 709; x_wconf 90' lang='lat' dir='ltr'><strong><em>Deo</em></strong></span> <span class='ocrx_word' id='word_1_20' title='bbox 842 644 932 708; x_wconf 83' lang='lat' dir='ltr'><strong><em>iunta</em></strong></span> <span class='ocrx_word' id='word_1_21' title='bbox 962 644 1065 709; x_wconf 86' lang='lat' dir='ltr'><strong><em>attare</em></strong></span> <span class='ocrx_word' id='word_1_22' title='bbox 1094 644 1271 710; x_wconf 86' lang='lat' dir='ltr'><strong><em>serviturus</em></strong></span> 
     </span>
     <span class='ocr_line' id='line_1_4' title="bbox 152 731 1271 816; baseline -0.001 -17"><span class='ocrx_word' id='word_1_23' title='bbox 152 731 230 799; x_wconf 85' lang='lat' dir='ltr'><strong><em>esset</em></strong></span> <span class='ocrx_word' id='word_1_24' title='bbox 247 736 287 799; x_wconf 93' lang='lat' dir='ltr'><strong><em>ab</em></strong></span> <span class='ocrx_word' id='word_1_25' title='bbox 305 733 392 798; x_wconf 85' lang='lat' dir='ltr'><strong><em>Aido</em></strong></span> <span class='ocrx_word' id='word_1_26' title='bbox 410 734 552 816; x_wconf 89' lang='lat' dir='ltr'><strong><em>episcopo</em></strong></span> <span class='ocrx_word' id='word_1_27' title='bbox 576 732 777 798; x_wconf 90' lang='lat' dir='ltr'><strong><em>benedictum.</em></strong></span> <span class='ocrx_word' id='word_1_28' title='bbox 822 731 961 798; x_wconf 78' lang='lat' dir='ltr'><strong><em>Causam</em></strong></span> <span class='ocrx_word' id='word_1_29' title='bbox 977 732 1132 815; x_wconf 89' lang='lat' dir='ltr'><strong><em>propriae</em></strong></span> <span class='ocrx_word' id='word_1_30' title='bbox 1154 732 1271 799; x_wconf 89' lang='lat' dir='ltr'><strong><em>ruinae</em></strong></span> 
     </span>
     <span class='ocr_line' id='line_1_5' title="bbox 150 820 1270 905; baseline 0 -18"><span class='ocrx_word' id='word_1_31' title='bbox 150 822 218 887; x_wconf 88' lang='lat' dir='ltr'><strong><em>iam</em></strong></span> <span class='ocrx_word' id='word_1_32' title='bbox 233 822 398 905; x_wconf 74' lang='lat' dir='ltr'><em>perspexit</em></span> <span class='ocrx_word' id='word_1_33' title='bbox 419 845 488 888; x_wconf 91' lang='lat' dir='ltr'><strong><em>eam</em></strong></span> <span class='ocrx_word' id='word_1_34' title='bbox 510 822 622 902; x_wconf 80' lang='lat' dir='ltr'><strong><em>fuisse,</em></strong></span> <span class='ocrx_word' id='word_1_35' title='bbox 646 823 730 902; x_wconf 79' lang='lat' dir='ltr'><strong><em>quod</em></strong></span> <span class='ocrx_word' id='word_1_36' title='bbox 751 842 857 886; x_wconf 91' lang='lat' dir='ltr'><strong><em>omnes</em></strong></span> <span class='ocrx_word' id='word_1_37' title='bbox 879 820 1034 886; x_wconf 89' lang='lat' dir='ltr'><strong><em>adiuuare</em></strong></span> <span class='ocrx_word' id='word_1_38' title='bbox 1055 821 1204 886; x_wconf 86' lang='lat' dir='ltr'><strong><em>uoluisset</em></strong></span> <span class='ocrx_word' id='word_1_39' title='bbox 1222 823 1270 887; x_wconf 83' lang='lat' dir='ltr'><strong><em>oei</em></strong></span> 
     </span>
     <span class='ocr_line' id='line_1_6' title="bbox 150 910 1303 993; baseline -0.001 -18"><span class='ocrx_word' id='word_1_40' title='bbox 150 911 275 993; x_wconf 84' lang='lat' dir='ltr'><strong><em>incitos,</em></strong></span> <span class='ocrx_word' id='word_1_41' title='bbox 305 913 390 977; x_wconf 90' lang='lat' dir='ltr'><strong><em>unde</em></strong></span> <span class='ocrx_word' id='word_1_42' title='bbox 418 911 559 992; x_wconf 79' lang='lat' dir='ltr'><strong><em>undique</em></strong></span> <span class='ocrx_word' id='word_1_43' title='bbox 587 910 794 993; x_wconf 82' lang='lat' dir='ltr'><strong><em>impupnatus</em></strong></span> <span class='ocrx_word' id='word_1_44' title='bbox 816 916 913 991; x_wconf 77' lang='lat' dir='ltr'><strong><em>esset,·</em></strong></span> <span class='ocrx_word' id='word_1_45' title='bbox 945 930 1150 974; x_wconf 71' lang='lat' dir='ltr'><strong><em>successorem</em></strong></span> <span class='ocrx_word' id='word_1_46' title='bbox 1172 910 1303 976; x_wconf 76' lang='lat' dir='ltr'><strong><em>notuits</em></strong></span> 
     </span>
     <span class='ocr_line' id='line_1_7' title="bbox 144 998 1269 1083; baseline -0.001 -19"><span class='ocrx_word' id='word_1_47' title='bbox 144 999 385 1083; x_wconf 77' lang='lat' dir='ltr'><strong><em>prudentiorem</em></strong></span> <span class='ocrx_word' id='word_1_48' title='bbox 414 1021 447 1065; x_wconf 93' lang='lat' dir='ltr'><strong><em>se</em></strong></span> <span class='ocrx_word' id='word_1_49' title='bbox 476 998 671 1064; x_wconf 78' lang='lat' dir='ltr'><strong><em>diversitatis</em></strong></span> <span class='ocrx_word' id='word_1_50' title='bbox 699 1019 822 1063; x_wconf 92' lang='lat' dir='ltr'><strong><em>morum</em></strong></span> <span class='ocrx_word' id='word_1_51' title='bbox 852 998 1076 1079; x_wconf 80' lang='lat' dir='ltr'><strong><em>qualitatumve</em></strong></span> <span class='ocrx_word' id='word_1_52' title='bbox 1107 998 1269 1063; x_wconf 89' lang='lat' dir='ltr'><strong><em>bominum</em></strong></span> 
     </span>
     <span class='ocr_line' id='line_1_8' title="bbox 150 1085 1269 1169; baseline 0.001 -17"><span class='ocrx_word' id='word_1_53' title='bbox 150 1089 308 1154; x_wconf 92' lang='lat' dir='ltr'><strong><em>rationem</em></strong></span> <span class='ocrx_word' id='word_1_54' title='bbox 345 1089 538 1169; x_wconf 85' lang='lat' dir='ltr'><strong><em>babituram,</em></strong></span> <span class='ocrx_word' id='word_1_55' title='bbox 578 1109 647 1153; x_wconf 90' lang='lat' dir='ltr'><strong><em>cum</em></strong></span> <span class='ocrx_word' id='word_1_56' title='bbox 684 1109 750 1152; x_wconf 94' lang='lat' dir='ltr'><strong><em>non</em></strong></span> <span class='ocrx_word' id='word_1_57' title='bbox 783 1085 893 1152; x_wconf 88' lang='lat' dir='ltr'><strong><em>omnia</em></strong></span> <span class='ocrx_word' id='word_1_58' title='bbox 926 1086 1070 1151; x_wconf 84' lang='lat' dir='ltr'><strong><em>munibus</em></strong></span> <span class='ocrx_word' id='word_1_59' title='bbox 1103 1087 1269 1153; x_wconf 87' lang='lat' dir='ltr'><strong><em>conuenire</em></strong></span> 
     </span>
     <span class='ocr_line' id='line_1_9' title="bbox 149 1175 1266 1261; baseline -0.001 -20"><span class='ocrx_word' id='word_1_60' title='bbox 149 1177 271 1242; x_wconf 93' lang='lat' dir='ltr'><strong><em>monita</em></strong></span> <span class='ocrx_word' id='word_1_61' title='bbox 293 1177 472 1242; x_wconf 79' lang='lat' dir='ltr'><strong><em>didicisset:</em></strong></span> <span class='ocrx_word' id='word_1_62' title='bbox 496 1182 579 1256; x_wconf 82' lang='lat' dir='ltr'><strong><em>este,</em></strong></span> <span class='ocrx_word' id='word_1_63' title='bbox 602 1175 717 1258; x_wconf 79' lang='lat' dir='ltr'><strong><em>inquit,</em></strong></span> <span class='ocrx_word' id='word_1_64' title='bbox 741 1176 924 1261; x_wconf 85' lang='lat' dir='ltr'><strong><em>multiplex</em></strong></span> <span class='ocrx_word' id='word_1_65' title='bbox 942 1177 987 1240; x_wconf 86' lang='lat' dir='ltr'><strong><em>ad</em></strong></span> <span class='ocrx_word' id='word_1_66' title='bbox 1005 1197 1122 1240; x_wconf 80' lang='lat' dir='ltr'><strong><em>curam</em></strong></span> <span class='ocrx_word' id='word_1_67' title='bbox 1138 1198 1266 1256; x_wconf 80' lang='lat' dir='ltr'><strong><em>eorum,</em></strong></span> 
     </span>
     <span class='ocr_line' id='line_1_10' title="bbox 151 1262 1268 1349; baseline 0 -19"><span class='ocrx_word' id='word_1_68' title='bbox 151 1267 210 1349; x_wconf 89' lang='lat' dir='ltr'><strong><em>qui</em></strong></span> <span class='ocrx_word' id='word_1_69' title='bbox 232 1268 297 1332; x_wconf 74' lang='lat' dir='ltr'><strong><em>bibi</em></strong></span> <span class='ocrx_word' id='word_1_70' title='bbox 321 1267 546 1332; x_wconf 77' lang='lat' dir='ltr'><strong><em>oboedierint.</em></strong></span> <span class='ocrx_word' id='word_1_71' title='bbox 598 1262 691 1330; x_wconf 81' lang='lat' dir='ltr'><strong><em>Oaiit</em></strong></span> <span class='ocrx_word' id='word_1_72' title='bbox 718 1264 828 1347; x_wconf 78' lang='lat' dir='ltr'><strong><em>ipitur,</em></strong></span> <span class='ocrx_word' id='word_1_73' title='bbox 858 1285 899 1329; x_wconf 93' lang='lat' dir='ltr'><strong><em>ne</em></strong></span> <span class='ocrx_word' id='word_1_74' title='bbox 930 1284 990 1346; x_wconf 79' lang='lat' dir='ltr'><strong><em>quo</em></strong></span> <span class='ocrx_word' id='word_1_75' title='bbox 1011 1285 1080 1328; x_wconf 90' lang='lat' dir='ltr'><strong><em>una</em></strong></span> <span class='ocrx_word' id='word_1_76' title='bbox 1101 1266 1268 1346; x_wconf 77' lang='lat' dir='ltr'><strong><em>mdemaue</em></strong></span> 
     </span>
     <span class='ocr_line' id='line_1_11' title="bbox 149 1352 1314 1435; baseline 0 -17"><span class='ocrx_word' id='word_1_77' title='bbox 149 1353 275 1420; x_wconf 90' lang='lat' dir='ltr'><strong><em>ratione</em></strong></span> <span class='ocrx_word' id='word_1_78' title='bbox 305 1375 411 1420; x_wconf 89' lang='lat' dir='ltr'><strong><em>omnes</em></strong></span> <span class='ocrx_word' id='word_1_79' title='bbox 440 1360 632 1420; x_wconf 82' lang='lat' dir='ltr'><strong><em>tractaverat</em></strong></span> <span class='ocrx_word' id='word_1_80' title='bbox 653 1374 761 1419; x_wconf 88' lang='lat' dir='ltr'><strong><em>errore</em></strong></span> <span class='ocrx_word' id='word_1_81' title='bbox 787 1355 892 1418; x_wconf 82' lang='lat' dir='ltr'><strong><em>eodem</em></strong></span> <span class='ocrx_word' id='word_1_82' title='bbox 914 1373 1105 1418; x_wconf 86' lang='lat' dir='ltr'><strong><em>successores</em></strong></span> <span class='ocrx_word' id='word_1_83' title='bbox 1127 1352 1314 1435; x_wconf 82' lang='lat' dir='ltr'><strong><em>implica-10</em></strong></span> 
     </span>
     <span class='ocr_line' id='line_1_12' title="bbox 149 1441 1268 1524; baseline 0 -18"><span class='ocrx_word' id='word_1_84' title='bbox 149 1449 271 1507; x_wconf 92' lang='lat' dir='ltr'><strong><em>rentur.</em></strong></span> <span class='ocrx_word' id='word_1_85' title='bbox 317 1444 405 1509; x_wconf 90' lang='lat' dir='ltr'><strong><em>Loca</em></strong></span> <span class='ocrx_word' id='word_1_86' title='bbox 427 1449 531 1508; x_wconf 80' lang='lat' dir='ltr'><strong><em>auum</em></strong></span> <span class='ocrx_word' id='word_1_87' title='bbox 553 1442 583 1507; x_wconf 89' lang='lat' dir='ltr'><strong><em>si</em></strong></span> <span class='ocrx_word' id='word_1_88' title='bbox 607 1443 779 1524; x_wconf 88' lang='lat' dir='ltr'><strong><em>placerent,</em></strong></span> <span class='ocrx_word' id='word_1_89' title='bbox 808 1441 903 1507; x_wconf 91' lang='lat' dir='ltr'><strong><em>utin</em></strong></span> <span class='ocrx_word' id='word_1_90' title='bbox 925 1441 1011 1506; x_wconf 84' lang='lat' dir='ltr'><strong><em>mitte</em></strong></span> <span class='ocrx_word' id='word_1_91' title='bbox 1032 1441 1125 1506; x_wconf 84' lang='lat' dir='ltr'><strong><em>mitia</em></strong></span> <span class='ocrx_word' id='word_1_92' title='bbox 1145 1442 1268 1521; x_wconf 84' lang='lat' dir='ltr'><strong><em>fratres</em></strong></span> 
     </span>
     <span class='ocr_line' id='line_1_13' title="bbox 149 1530 805 1615; baseline -0.002 -19"><span class='ocrx_word' id='word_1_93' title='bbox 149 1539 329 1615; x_wconf 86' lang='lat' dir='ltr'><strong><em>crescerent,</em></strong></span> <span class='ocrx_word' id='word_1_94' title='bbox 353 1530 618 1598; x_wconf 86' lang='lat' dir='ltr'><strong><em>oebemeutissime</em></strong></span> <span class='ocrx_word' id='word_1_95' title='bbox 640 1531 805 1614; x_wconf 84' lang='lat' dir='ltr'><strong><em>enoptaoit.</em></strong></span> 
     </span>
    </p>

    <p class='ocr_par' dir='ltr' id='par_1_3' title="bbox 140 1619 1313 2680">
     <span class='ocr_line' id='line_1_14' title="bbox 256 1619 1267 1702; baseline -0.002 -16"><span class='ocrx_word' id='word_1_96' title='bbox 256 1620 415 1687; x_wconf 83' lang='lat' dir='ltr'><strong><em>Scribenti</em></strong></span> <span class='ocrx_word' id='word_1_97' title='bbox 437 1621 489 1685; x_wconf 84' lang='lat' dir='ltr'><strong><em>itti</em></strong></span> <span class='ocrx_word' id='word_1_98' title='bbox 511 1620 644 1686; x_wconf 89' lang='lat' dir='ltr'><strong><em>nuntius</em></strong></span> <span class='ocrx_word' id='word_1_99' title='bbox 672 1619 854 1702; x_wconf 89' lang='lat' dir='ltr'><strong><em>superuenit</em></strong></span> <span class='ocrx_word' id='word_1_100' title='bbox 881 1640 994 1684; x_wconf 86' lang='lat' dir='ltr'><strong><em>nauem</em></strong></span> <span class='ocrx_word' id='word_1_101' title='bbox 1019 1625 1172 1699; x_wconf 90' lang='lat' dir='ltr'><strong><em>paratam</em></strong></span> <span class='ocrx_word' id='word_1_102' title='bbox 1202 1639 1267 1684; x_wconf 89' lang='lat' dir='ltr'><strong><em>esse</em></strong></span> 
     </span>
     <span class='ocr_line' id='line_1_15' title="bbox 149 1707 1267 1792; baseline -0.003 -17"><span class='ocrx_word' id='word_1_103' title='bbox 149 1731 301 1791; x_wconf 83' lang='lat' dir='ltr'><strong><em>namans,</em></strong></span> <span class='ocrx_word' id='word_1_104' title='bbox 336 1730 400 1792; x_wconf 79' lang='lat' dir='ltr'><strong><em>qua</em></strong></span> <span class='ocrx_word' id='word_1_105' title='bbox 433 1709 553 1775; x_wconf 83' lang='lat' dir='ltr'><strong><em>incitus</em></strong></span> <span class='ocrx_word' id='word_1_106' title='bbox 584 1709 622 1775; x_wconf 90' lang='lat' dir='ltr'><strong><em>in</em></strong></span> <span class='ocrx_word' id='word_1_107' title='bbox 654 1708 850 1775; x_wconf 76' lang='lat' dir='ltr'><strong><em>Hiberniam</em></strong></span> <span class='ocrx_word' id='word_1_108' title='bbox 883 1713 1106 1789; x_wconf 79' lang='lat' dir='ltr'><strong><em>reportaretur.</em></strong></span> <span class='ocrx_word' id='word_1_109' title='bbox 1160 1707 1267 1772; x_wconf 84' lang='lat' dir='ltr'><strong><em>Navis</em></strong></span> 
     </span>
     <span class='ocr_line' id='line_1_16' title="bbox 149 1795 1313 1881; baseline -0.004 -16"><span class='ocrx_word' id='word_1_110' title='bbox 149 1800 312 1881; x_wconf 79' lang='lat' dir='ltr'><strong><em>quaedam,</em></strong></span> <span class='ocrx_word' id='word_1_111' title='bbox 344 1820 424 1881; x_wconf 79' lang='lat' dir='ltr'><strong><em>quae</em></strong></span> <span class='ocrx_word' id='word_1_112' title='bbox 453 1799 630 1864; x_wconf 84' lang='lat' dir='ltr'><strong><em>Scottorum</em></strong></span> <span class='ocrx_word' id='word_1_113' title='bbox 658 1819 775 1863; x_wconf 90' lang='lat' dir='ltr'><strong><em>merces</em></strong></span> <span class='ocrx_word' id='word_1_114' title='bbox 804 1799 983 1877; x_wconf 80' lang='lat' dir='ltr'><strong><em>advenerat,</em></strong></span> <span class='ocrx_word' id='word_1_115' title='bbox 1015 1817 1135 1860; x_wconf 88' lang='lat' dir='ltr'><strong><em>omnem</em></strong></span> <span class='ocrx_word' id='word_1_116' title='bbox 1163 1795 1267 1877; x_wconf 82' lang='lat' dir='ltr'><strong><em>ipsius</em></strong></span> <span class='ocrx_word' id='word_1_117' title='bbox 1285 1820 1313 1860; x_wconf 75' lang='lat'><strong><em>1⁶</em></strong></span> 
     </span>
     <span class='ocr_line' id='line_1_17' title="bbox 147 1883 1266 1970; baseline -0.002 -18"><span class='ocrx_word' id='word_1_118' title='bbox 147 1888 365 1969; x_wconf 85' lang='lat' dir='ltr'><strong><em>supellectitem</em></strong></span> <span class='ocrx_word' id='word_1_119' title='bbox 387 1887 571 1969; x_wconf 78' lang='lat' dir='ltr'><strong><em>comitesque</em></strong></span> <span class='ocrx_word' id='word_1_120' title='bbox 592 1892 770 1970; x_wconf 77' lang='lat' dir='ltr'><strong><em>receperat,·</em></strong></span> <span class='ocrx_word' id='word_1_121' title='bbox 791 1886 889 1952; x_wconf 91' lang='lat' dir='ltr'><strong><em>undis</em></strong></span> <span class='ocrx_word' id='word_1_122' title='bbox 903 1905 977 1950; x_wconf 89' lang='lat' dir='ltr'><strong><em>uero</em></strong></span> <span class='ocrx_word' id='word_1_123' title='bbox 992 1887 1037 1950; x_wconf 94' lang='lat' dir='ltr'><strong><em>ad</em></strong></span> <span class='ocrx_word' id='word_1_124' title='bbox 1058 1883 1134 1949; x_wconf 88' lang='lat' dir='ltr'><strong><em>litus</em></strong></span> <span class='ocrx_word' id='word_1_125' title='bbox 1150 1884 1266 1950; x_wconf 86' lang='lat' dir='ltr'><strong><em>reiecta</em></strong></span> 
     </span>
     <span class='ocr_line' id='line_1_18' title="bbox 140 1973 1265 2060; baseline -0.004 -19"><span class='ocrx_word' id='word_1_126' title='bbox 140 1998 203 2060; x_wconf 84' lang='lat' dir='ltr'><strong><em>per</em></strong></span> <span class='ocrx_word' id='word_1_127' title='bbox 221 1977 363 2043; x_wconf 89' lang='lat' dir='ltr'><strong><em>triduum</em></strong></span> <span class='ocrx_word' id='word_1_128' title='bbox 384 1977 432 2042; x_wconf 89' lang='lat' dir='ltr'><strong><em>ibi</em></strong></span> <span class='ocrx_word' id='word_1_129' title='bbox 453 1976 650 2042; x_wconf 83' lang='lat' dir='ltr'><strong><em>detinebatur</em></strong></span> <span class='ocrx_word' id='word_1_130' title='bbox 667 1996 766 2057; x_wconf 76' lang='lat' dir='ltr'><strong><em>neque</em></strong></span> <span class='ocrx_word' id='word_1_131' title='bbox 787 1975 857 2039; x_wconf 85' lang='lat' dir='ltr'><strong><em>oeta</em></strong></span> <span class='ocrx_word' id='word_1_132' title='bbox 872 1974 908 2039; x_wconf 92' lang='lat' dir='ltr'><strong><em>in</em></strong></span> <span class='ocrx_word' id='word_1_133' title='bbox 923 1975 1023 2039; x_wconf 84' lang='lat' dir='ltr'><strong><em>abtum</em></strong></span> <span class='ocrx_word' id='word_1_134' title='bbox 1038 1973 1116 2038; x_wconf 90' lang='lat' dir='ltr'><strong><em>dare</em></strong></span> <span class='ocrx_word' id='word_1_135' title='bbox 1130 1979 1265 2057; x_wconf 86' lang='lat' dir='ltr'><strong><em>poterat,</em></strong></span> 
     </span>
     <span class='ocr_line' id='line_1_19' title="bbox 140 2062 1264 2148; baseline -0.004 -18"><span class='ocrx_word' id='word_1_136' title='bbox 140 2065 333 2148; x_wconf 79' lang='lat' dir='ltr'><strong><em>priusquam</em></strong></span> <span class='ocrx_word' id='word_1_137' title='bbox 349 2071 450 2131; x_wconf 92' lang='lat' dir='ltr'><strong><em>nauta</em></strong></span> <span class='ocrx_word' id='word_1_138' title='bbox 460 2086 541 2147; x_wconf 78' lang='lat' dir='ltr'><strong><em>puae</em></strong></span> <span class='ocrx_word' id='word_1_139' title='bbox 556 2067 601 2131; x_wconf 93' lang='lat' dir='ltr'><strong><em>ad</em></strong></span> <span class='ocrx_word' id='word_1_140' title='bbox 614 2071 759 2130; x_wconf 89' lang='lat' dir='ltr'><strong><em>sanctum</em></strong></span> <span class='ocrx_word' id='word_1_141' title='bbox 767 2063 973 2145; x_wconf 77' lang='lat' dir='ltr'><strong><em>pertinebant</em></strong></span> <span class='ocrx_word' id='word_1_142' title='bbox 983 2083 1034 2127; x_wconf 92' lang='lat' dir='ltr'><strong><em>res</em></strong></span> <span class='ocrx_word' id='word_1_143' title='bbox 1045 2062 1264 2143; x_wconf 72' lang='lat' dir='ltr'><strong><em>enposuissetl.</em></strong></span> 
     </span>
     <span class='ocr_line' id='line_1_20' title="bbox 147 2151 1268 2236; baseline -0.003 -18"><span class='ocrx_word' id='word_1_144' title='bbox 147 2154 185 2218; x_wconf 89' lang='lat' dir='ltr'><strong><em>Is</em></strong></span> <span class='ocrx_word' id='word_1_145' title='bbox 207 2154 243 2219; x_wconf 92' lang='lat' dir='ltr'><strong><em>in</em></strong></span> <span class='ocrx_word' id='word_1_146' title='bbox 266 2153 434 2236; x_wconf 85' lang='lat' dir='ltr'><strong><em>bospitium</em></strong></span> <span class='ocrx_word' id='word_1_147' title='bbox 455 2175 547 2219; x_wconf 78' lang='lat' dir='ltr'><strong><em>sirum</em></strong></span> <span class='ocrx_word' id='word_1_148' title='bbox 561 2153 629 2217; x_wconf 88' lang='lat' dir='ltr'><strong><em>iam</em></strong></span> <span class='ocrx_word' id='word_1_149' title='bbox 643 2152 780 2233; x_wconf 86' lang='lat' dir='ltr'><strong><em>rediens,</em></strong></span> <span class='ocrx_word' id='word_1_150' title='bbox 804 2152 891 2217; x_wconf 83' lang='lat' dir='ltr'><strong><em>nubta</em></strong></span> <span class='ocrx_word' id='word_1_151' title='bbox 910 2153 1058 2232; x_wconf 84' lang='lat' dir='ltr'><strong><em>obstante,</em></strong></span> <span class='ocrx_word' id='word_1_152' title='bbox 1076 2151 1177 2232; x_wconf 86' lang='lat' dir='ltr'><strong><em>paulo</em></strong></span> <span class='ocrx_word' id='word_1_153' title='bbox 1192 2158 1268 2232; x_wconf 93' lang='lat' dir='ltr'><strong><em>post</em></strong></span> 
     </span>
     <span class='ocr_line' id='line_1_21' title="bbox 147 2236 1313 2322; baseline 0.001 -17"><span class='ocrx_word' id='word_1_154' title='bbox 147 2245 192 2306; x_wconf 92' lang='lat' dir='ltr'><strong><em>ad</em></strong></span> <span class='ocrx_word' id='word_1_155' title='bbox 229 2241 449 2307; x_wconf 82' lang='lat' dir='ltr'><strong><em>Obiatbarium</em></strong></span> <span class='ocrx_word' id='word_1_156' title='bbox 484 2240 748 2307; x_wconf 87' lang='lat' dir='ltr'><strong><em>Neustrasiorum</em></strong></span> <span class='ocrx_word' id='word_1_157' title='bbox 781 2261 884 2322; x_wconf 81' lang='lat' dir='ltr'><strong><em>repem</em></strong></span> <span class='ocrx_word' id='word_1_158' title='bbox 917 2239 1058 2304; x_wconf 87' lang='lat' dir='ltr'><strong><em>transiit.</em></strong></span> <span class='ocrx_word' id='word_1_159' title='bbox 1117 2236 1266 2304; x_wconf 79' lang='lat' dir='ltr'><strong><em>Custodes</em></strong></span> <span class='ocrx_word' id='word_1_160' title='bbox 1283 2266 1313 2306; x_wconf 77' lang='lat' dir='ltr'><strong><em>so</em></strong></span> 
     </span>
     <span class='ocr_line' id='line_1_22' title="bbox 147 2327 1265 2412; baseline -0.002 -18"><span class='ocrx_word' id='word_1_161' title='bbox 147 2337 251 2394; x_wconf 93' lang='lat' dir='ltr'><strong><em>autem</em></strong></span> <span class='ocrx_word' id='word_1_162' title='bbox 280 2330 343 2396; x_wconf 86' lang='lat' dir='ltr'><strong><em>sibi</em></strong></span> <span class='ocrx_word' id='word_1_163' title='bbox 370 2331 618 2412; x_wconf 78' lang='lat' dir='ltr'><strong><em>pratubabantur</em></strong></span> <span class='ocrx_word' id='word_1_164' title='bbox 641 2328 895 2410; x_wconf 89' lang='lat' dir='ltr'><strong><em>potentissimum</em></strong></span> <span class='ocrx_word' id='word_1_165' title='bbox 926 2327 1017 2392; x_wconf 84' lang='lat' dir='ltr'><strong><em>iilum</em></strong></span> <span class='ocrx_word' id='word_1_166' title='bbox 1046 2327 1112 2393; x_wconf 89' lang='lat' dir='ltr'><strong><em>Dei</em></strong></span> <span class='ocrx_word' id='word_1_167' title='bbox 1140 2348 1265 2392; x_wconf 87' lang='lat' dir='ltr'><strong><em>servum</em></strong></span> 
     </span>
     <span class='ocr_line' id='line_1_23' title="bbox 145 2415 1267 2501; baseline -0.002 -19"><span class='ocrx_word' id='word_1_168' title='bbox 145 2418 291 2483; x_wconf 83' lang='lat' dir='ltr'><strong><em>illaesum</em></strong></span> <span class='ocrx_word' id='word_1_169' title='bbox 314 2419 457 2500; x_wconf 82' lang='lat' dir='ltr'><strong><em>masisse,</em></strong></span> <span class='ocrx_word' id='word_1_170' title='bbox 489 2418 604 2501; x_wconf 79' lang='lat' dir='ltr'><strong><em>diuque</em></strong></span> <span class='ocrx_word' id='word_1_171' title='bbox 631 2417 700 2483; x_wconf 91' lang='lat' dir='ltr'><strong><em>iam</em></strong></span> <span class='ocrx_word' id='word_1_172' title='bbox 727 2418 840 2501; x_wconf 80' lang='lat' dir='ltr'><strong><em>sapam</em></strong></span> <span class='ocrx_word' id='word_1_173' title='bbox 862 2417 931 2482; x_wconf 89' lang='lat' dir='ltr'><strong><em>eius</em></strong></span> <span class='ocrx_word' id='word_1_174' title='bbox 953 2422 1198 2498; x_wconf 78' lang='lat' dir='ltr'><strong><em>eupectaoerant,</em></strong></span> <span class='ocrx_word' id='word_1_175' title='bbox 1228 2415 1267 2481; x_wconf 91' lang='lat' dir='ltr'><strong><em>id</em></strong></span> 
     </span>
     <span class='ocr_line' id='line_1_24' title="bbox 145 2506 1265 2591; baseline 0 -20"><span class='ocrx_word' id='word_1_176' title='bbox 145 2509 230 2588; x_wconf 77' lang='lat' dir='ltr'><strong><em>quod</em></strong></span> <span class='ocrx_word' id='word_1_177' title='bbox 256 2507 325 2589; x_wconf 92' lang='lat' dir='ltr'><strong><em>ipse</em></strong></span> <span class='ocrx_word' id='word_1_178' title='bbox 353 2513 483 2573; x_wconf 88' lang='lat' dir='ltr'><strong><em>testatus</em></strong></span> <span class='ocrx_word' id='word_1_179' title='bbox 509 2509 593 2573; x_wconf 73' lang='lat' dir='ltr'><strong><em>est2:</em></strong></span> <span class='ocrx_word' id='word_1_180' title='bbox 627 2507 673 2585; x_wconf 87' lang='lat' dir='ltr'><strong><em>Si,</em></strong></span> <span class='ocrx_word' id='word_1_181' title='bbox 704 2506 817 2588; x_wconf 78' lang='lat' dir='ltr'><strong><em>inquit,</em></strong></span> <span class='ocrx_word' id='word_1_182' title='bbox 852 2508 985 2591; x_wconf 82' lang='lat' dir='ltr'><strong><em>fugere,</em></strong></span> <span class='ocrx_word' id='word_1_183' title='bbox 1021 2507 1138 2570; x_wconf 82' lang='lat' dir='ltr'><strong><em>nullus</em></strong></span> <span class='ocrx_word' id='word_1_184' title='bbox 1167 2509 1265 2571; x_wconf 66' lang='lat' dir='ltr'><strong><em>vebat</em></strong></span> 
     </span>
     <span class='ocr_line' id='line_1_25' title="bbox 146 2595 1102 2680; baseline -0.002 -21"><span class='ocrx_word' id='word_1_185' title='bbox 146 2600 278 2674; x_wconf 78' lang='lat' dir='ltr'><strong><em>custos3</em></strong></span> <span class='ocrx_word' id='word_1_186' title='bbox 307 2619 386 2662; x_wconf 86' lang='lat' dir='ltr'><strong><em>nam</em></strong></span> <span class='ocrx_word' id='word_1_187' title='bbox 410 2599 476 2662; x_wconf 88' lang='lat' dir='ltr'><strong><em>hoe</em></strong></span> <span class='ocrx_word' id='word_1_188' title='bbox 498 2598 662 2662; x_wconf 77' lang='lat' dir='ltr'><strong><em>videniur</em></strong></span> <span class='ocrx_word' id='word_1_189' title='bbox 684 2597 783 2674; x_wconf 85' lang='lat' dir='ltr'><strong><em>velle,</em></strong></span> <span class='ocrx_word' id='word_1_190' title='bbox 807 2599 849 2661; x_wconf 74' lang='lat' dir='ltr'><strong><em>ub</em></strong></span> <span class='ocrx_word' id='word_1_191' title='bbox 872 2617 935 2680; x_wconf 83' lang='lat' dir='ltr'><strong><em>ego</em></strong></span> <span class='ocrx_word' id='word_1_192' title='bbox 958 2595 1102 2679; x_wconf 80' lang='lat' dir='ltr'><strong><em>fugiam.</em></strong></span> 
     </span>
    </p>

    <p class='ocr_par' dir='ltr' id='par_1_4' title="bbox 138 2681 1310 3301">
     <span class='ocr_line' id='line_1_26' title="bbox 258 2681 1310 2767; baseline 0.001 -18"><span class='ocrx_word' id='word_1_193' title='bbox 258 2683 470 2750; x_wconf 82' lang='lat' dir='ltr'><strong><em>Cotumbauus</em></strong></span> <span class='ocrx_word' id='word_1_194' title='bbox 496 2684 788 2767; x_wconf 82' lang='lat' dir='ltr'><strong><em>pcreprinationem</em></strong></span> <span class='ocrx_word' id='word_1_195' title='bbox 821 2705 913 2748; x_wconf 90' lang='lat' dir='ltr'><strong><em>suam</em></strong></span> <span class='ocrx_word' id='word_1_196' title='bbox 941 2683 1056 2749; x_wconf 89' lang='lat' dir='ltr'><strong><em>iterum</em></strong></span> <span class='ocrx_word' id='word_1_197' title='bbox 1089 2681 1265 2763; x_wconf 83' lang='lat' dir='ltr'><strong><em>suscipiens</em></strong></span> <span class='ocrx_word' id='word_1_198' title='bbox 1283 2711 1310 2750; x_wconf 80' lang='lat' dir='ltr'><strong><em>u</em></strong></span> 
     </span>
     <span class='ocr_line' id='line_1_27' title="bbox 144 2770 1264 2856; baseline -0.002 -19"><span class='ocrx_word' id='word_1_199' title='bbox 144 2793 244 2854; x_wconf 79' lang='lat' dir='ltr'><strong><em>neque</em></strong></span> <span class='ocrx_word' id='word_1_200' title='bbox 273 2772 310 2837; x_wconf 92' lang='lat' dir='ltr'><strong><em>in</em></strong></span> <span class='ocrx_word' id='word_1_201' title='bbox 337 2773 519 2839; x_wconf 83' lang='lat' dir='ltr'><strong><em>Obbotbarii</em></strong></span> <span class='ocrx_word' id='word_1_202' title='bbox 547 2794 645 2856; x_wconf 82' lang='lat' dir='ltr'><strong><em>repno</em></strong></span> <span class='ocrx_word' id='word_1_203' title='bbox 667 2771 834 2838; x_wconf 88' lang='lat' dir='ltr'><strong><em>consistere</em></strong></span> <span class='ocrx_word' id='word_1_204' title='bbox 856 2773 970 2852; x_wconf 84' lang='lat' dir='ltr'><strong><em>uolens,</em></strong></span> <span class='ocrx_word' id='word_1_205' title='bbox 1001 2770 1165 2853; x_wconf 79' lang='lat' dir='ltr'><strong><em>castipatis</em></strong></span> <span class='ocrx_word' id='word_1_206' title='bbox 1187 2790 1264 2852; x_wconf 79' lang='lat' dir='ltr'><strong><em>quos</em></strong></span> 
     </span>
     <span class='ocr_line' id='line_1_28' title="bbox 144 2861 1264 2945; baseline 0.001 -21"><span class='ocrx_word' id='word_1_207' title='bbox 144 2861 181 2925; x_wconf 95' lang='lat' dir='ltr'><strong><em>in</em></strong></span> <span class='ocrx_word' id='word_1_208' title='bbox 210 2863 288 2927; x_wconf 89' lang='lat' dir='ltr'><strong><em>anta</em></strong></span> <span class='ocrx_word' id='word_1_209' title='bbox 314 2862 405 2945; x_wconf 81' lang='lat' dir='ltr'><strong><em>repia</em></strong></span> <span class='ocrx_word' id='word_1_210' title='bbox 434 2863 680 2944; x_wconf 88' lang='lat' dir='ltr'><strong><em>deprebenderat</em></strong></span> <span class='ocrx_word' id='word_1_211' title='bbox 707 2861 879 2943; x_wconf 86' lang='lat' dir='ltr'><strong><em>erroribus,</em></strong></span> <span class='ocrx_word' id='word_1_212' title='bbox 910 2866 1111 2926; x_wconf 89' lang='lat' dir='ltr'><strong><em>commeatum</em></strong></span> <span class='ocrx_word' id='word_1_213' title='bbox 1140 2881 1162 2923; x_wconf 96' lang='lat' dir='ltr'><strong><em>a</em></strong></span> <span class='ocrx_word' id='word_1_214' title='bbox 1191 2880 1264 2941; x_wconf 82' lang='lat' dir='ltr'><strong><em>repe</em></strong></span> 
     </span>
     <span class='ocr_line' id='line_1_29' title="bbox 138 2948 1263 3035; baseline -0.002 -21"><span class='ocrx_word' id='word_1_215' title='bbox 138 2950 242 3034; x_wconf 82' lang='lat' dir='ltr'><strong><em>petiit,</em></strong></span> <span class='ocrx_word' id='word_1_216' title='bbox 272 2958 308 3016; x_wconf 90' lang='lat' dir='ltr'><strong><em>ut</em></strong></span> <span class='ocrx_word' id='word_1_217' title='bbox 336 2953 381 3016; x_wconf 92' lang='lat' dir='ltr'><strong><em>ad</em></strong></span> <span class='ocrx_word' id='word_1_218' title='bbox 406 2952 655 3017; x_wconf 80' lang='lat' dir='ltr'><strong><em>Tbeudebertum</em></strong></span> <span class='ocrx_word' id='word_1_219' title='bbox 677 2952 916 3035; x_wconf 88' lang='lat' dir='ltr'><strong><em>perduceretur.</em></strong></span> <span class='ocrx_word' id='word_1_220' title='bbox 966 2949 1130 3031; x_wconf 76' lang='lat' dir='ltr'><strong><em>Expulsus</em></strong></span> <span class='ocrx_word' id='word_1_221' title='bbox 1155 2948 1263 3030; x_wconf 92' lang='lat' dir='ltr'><strong><em>primo</em></strong></span> 
     </span>
     <span class='ocr_line' id='line_1_30' title="bbox 141 3037 1261 3123; baseline -0.002 -19"><span class='ocrx_word' id='word_1_222' title='bbox 141 3047 247 3122; x_wconf 82' lang='lat' dir='ltr'><strong><em>pentes</em></strong></span> <span class='ocrx_word' id='word_1_223' title='bbox 275 3039 408 3106; x_wconf 84' lang='lat' dir='ltr'><strong><em>uisitare</em></strong></span> <span class='ocrx_word' id='word_1_224' title='bbox 437 3040 542 3122; x_wconf 79' lang='lat' dir='ltr'><strong><em>eisque</em></strong></span> <span class='ocrx_word' id='word_1_225' title='bbox 570 3039 769 3123; x_wconf 82' lang='lat' dir='ltr'><strong><em>euanpetium</em></strong></span> <span class='ocrx_word' id='word_1_226' title='bbox 794 3038 989 3120; x_wconf 88' lang='lat' dir='ltr'><strong><em>praedicare</em></strong></span> <span class='ocrx_word' id='word_1_227' title='bbox 1018 3037 1261 3119; x_wconf 85' lang='lat' dir='ltr'><strong><em>desiderauerat,</em></strong></span> 
     </span>
     <span class='ocr_line' id='line_1_31' title="bbox 142 3125 1309 3212; baseline 0.001 -19"><span class='ocrx_word' id='word_1_228' title='bbox 142 3131 198 3194; x_wconf 91' lang='lat' dir='ltr'><strong><em>sed</em></strong></span> <span class='ocrx_word' id='word_1_229' title='bbox 226 3133 263 3195; x_wconf 88' lang='lat' dir='ltr'><strong><em>de</em></strong></span> <span class='ocrx_word' id='word_1_230' title='bbox 292 3151 403 3195; x_wconf 92' lang='lat' dir='ltr'><strong><em>earum</em></strong></span> <span class='ocrx_word' id='word_1_231' title='bbox 431 3136 534 3212; x_wconf 87' lang='lat' dir='ltr'><strong><em>tepore</em></strong></span> <span class='ocrx_word' id='word_1_232' title='bbox 562 3129 677 3194; x_wconf 85' lang='lat' dir='ltr'><strong><em>certior</em></strong></span> <span class='ocrx_word' id='word_1_233' title='bbox 710 3129 816 3208; x_wconf 81' lang='lat' dir='ltr'><strong><em>factus</em></strong></span> <span class='ocrx_word' id='word_1_234' title='bbox 849 3126 1016 3192; x_wconf 69' lang='lat' dir='ltr'><strong><em>conubium</em></strong></span> <span class='ocrx_word' id='word_1_235' title='bbox 1049 3125 1131 3190; x_wconf 85' lang='lat' dir='ltr'><strong><em>itbud</em></strong></span> <span class='ocrx_word' id='word_1_236' title='bbox 1158 3147 1263 3207; x_wconf 88' lang='lat' dir='ltr'><strong><em>paene</em></strong></span> <span class='ocrx_word' id='word_1_237' title='bbox 1281 3154 1309 3194; x_wconf 83' lang='lat' dir='ltr'><strong><em>u&gt;</em></strong></span> 
     </span>
     <span class='ocr_line' id='line_1_32' title="bbox 143 3215 1262 3301; baseline -0.003 -20"><span class='ocrx_word' id='word_1_238' title='bbox 143 3218 339 3301; x_wconf 81' lang='lat' dir='ltr'><strong><em>abiecerat⁸;</em></strong></span> <span class='ocrx_word' id='word_1_239' title='bbox 362 3225 436 3284; x_wconf 93' lang='lat' dir='ltr'><strong><em>tunc</em></strong></span> <span class='ocrx_word' id='word_1_240' title='bbox 450 3219 487 3284; x_wconf 93' lang='lat' dir='ltr'><strong><em>in</em></strong></span> <span class='ocrx_word' id='word_1_241' title='bbox 502 3217 637 3283; x_wconf 80' lang='lat' dir='ltr'><strong><em>Italiam</em></strong></span> <span class='ocrx_word' id='word_1_242' title='bbox 655 3217 878 3283; x_wconf 88' lang='lat' dir='ltr'><strong><em>transcendere</em></strong></span> <span class='ocrx_word' id='word_1_243' title='bbox 896 3215 1046 3296; x_wconf 85' lang='lat' dir='ltr'><strong><em>cupiebat,</em></strong></span> <span class='ocrx_word' id='word_1_244' title='bbox 1066 3234 1126 3296; x_wconf 78' lang='lat' dir='ltr'><strong><em>quo</em></strong></span> <span class='ocrx_word' id='word_1_245' title='bbox 1138 3235 1262 3296; x_wconf 88' lang='lat' dir='ltr'><strong><em>papam</em></strong></span> 
     </span>
    </p>

    <p class='ocr_par' dir='ltr' id='par_1_5' title="bbox 12 3303 1307 4186">
     <span class='ocr_line' id='line_1_33' title="bbox 50 3303 1263 3386; baseline -0.002 -17"><span class='ocrx_word' id='word_1_246' title='bbox 50 3331 125 3380; x_wconf 51' lang='grc' dir='ltr'><strong><em>Ἧι.</em></strong></span> <span class='ocrx_word' id='word_1_247' title='bbox 143 3307 343 3372; x_wconf 84' lang='lat' dir='ltr'><strong><em>consulturus</em></strong></span> <span class='ocrx_word' id='word_1_248' title='bbox 377 3307 442 3372; x_wconf 90' lang='lat' dir='ltr'><strong><em>iam</em></strong></span> <span class='ocrx_word' id='word_1_249' title='bbox 474 3307 531 3371; x_wconf 93' lang='lat' dir='ltr'><strong><em>diu</em></strong></span> <span class='ocrx_word' id='word_1_250' title='bbox 560 3305 713 3386; x_wconf 71' lang='lat' dir='ltr'><strong><em>*abiisset</em></strong></span> <span class='ocrx_word' id='word_1_251' title='bbox 747 3304 815 3370; x_wconf 89' lang='lat' dir='ltr'><strong><em>uisi</em></strong></span> <span class='ocrx_word' id='word_1_252' title='bbox 849 3305 989 3385; x_wconf 89' lang='lat' dir='ltr'><strong><em>corporis</em></strong></span> <span class='ocrx_word' id='word_1_253' title='bbox 1021 3303 1199 3383; x_wconf 72' lang='lat' dir='ltr'><strong><em>infirmitas</em></strong></span> <span class='ocrx_word' id='word_1_254' title='bbox 1233 3308 1263 3368; x_wconf 91' lang='lat' dir='ltr'><strong><em>et</em></strong></span> 
     </span>
     <span class='ocr_line' id='line_1_34' title="bbox 12 3392 1262 3477; baseline -0.002 -18"><span class='ocrx_word' id='word_1_255' title='bbox 12 3439 14 3442; x_wconf 93' lang='lat'>-</span> <span class='ocrx_word' id='word_1_256' title='bbox 143 3415 221 3459; x_wconf 90' lang='lat' dir='ltr'><strong><em>cura</em></strong></span> <span class='ocrx_word' id='word_1_257' title='bbox 251 3394 521 3460; x_wconf 83' lang='lat' dir='ltr'><strong><em>contubernalium</em></strong></span> <span class='ocrx_word' id='word_1_258' title='bbox 554 3414 684 3458; x_wconf 89' lang='lat' dir='ltr'><strong><em>suarum</em></strong></span> <span class='ocrx_word' id='word_1_259' title='bbox 717 3393 823 3477; x_wconf 86' lang='lat' dir='ltr'><strong><em>ipsum</em></strong></span> <span class='ocrx_word' id='word_1_260' title='bbox 852 3392 1064 3457; x_wconf 74' lang='lat' dir='ltr'><strong><em>retinuisset4.</em></strong></span> <span class='ocrx_word' id='word_1_261' title='bbox 1110 3398 1177 3457; x_wconf 90' lang='lat' dir='ltr'><strong><em>Iter</em></strong></span> <span class='ocrx_word' id='word_1_262' title='bbox 1199 3413 1262 3473; x_wconf 89' lang='lat' dir='ltr'><strong><em>per</em></strong></span> 
     </span>
     <span class='ocr_line' id='line_1_35' title="bbox 142 3479 1260 3563; baseline -0.002 -17"><span class='ocrx_word' id='word_1_263' title='bbox 142 3482 291 3547; x_wconf 89' lang='lat' dir='ltr'><strong><em>Parisios</em></strong></span> <span class='ocrx_word' id='word_1_264' title='bbox 319 3483 445 3562; x_wconf 84' lang='lat' dir='ltr'><strong><em>faciens</em></strong></span> <span class='ocrx_word' id='word_1_265' title='bbox 473 3483 511 3547; x_wconf 90' lang='lat' dir='ltr'><strong><em>iu</em></strong></span> <span class='ocrx_word' id='word_1_266' title='bbox 540 3481 653 3563; x_wconf 88' lang='lat' dir='ltr'><strong><em>oppido</em></strong></span> <span class='ocrx_word' id='word_1_267' title='bbox 675 3481 838 3547; x_wconf 86' lang='lat' dir='ltr'><strong><em>Mebdensi</em></strong></span> <span class='ocrx_word' id='word_1_268' title='bbox 872 3488 902 3546; x_wconf 93' lang='lat' dir='ltr'><strong><em>et</em></strong></span> <span class='ocrx_word' id='word_1_269' title='bbox 933 3481 970 3545; x_wconf 92' lang='lat' dir='ltr'><strong><em>in</em></strong></span> <span class='ocrx_word' id='word_1_270' title='bbox 1003 3481 1081 3545; x_wconf 84' lang='lat' dir='ltr'><strong><em>uitta</em></strong></span> <span class='ocrx_word' id='word_1_271' title='bbox 1111 3479 1260 3545; x_wconf 87' lang='lat' dir='ltr'><strong><em>Vutciaco</em></strong></span> 
     </span>
     <span class='ocr_line' id='line_1_36' title="bbox 142 3568 1307 3652; baseline -0.003 -17"><span class='ocrx_word' id='word_1_272' title='bbox 142 3572 252 3635; x_wconf 90' lang='lat' dir='ltr'><strong><em>domus</em></strong></span> <span class='ocrx_word' id='word_1_273' title='bbox 278 3571 495 3636; x_wconf 82' lang='lat' dir='ltr'><strong><em>nobilissimas</em></strong></span> <span class='ocrx_word' id='word_1_274' title='bbox 524 3573 601 3635; x_wconf 89' lang='lat' dir='ltr'><strong><em>adeo</em></strong></span> <span class='ocrx_word' id='word_1_275' title='bbox 630 3569 694 3635; x_wconf 91' lang='lat' dir='ltr'><strong><em>sibi</em></strong></span> <span class='ocrx_word' id='word_1_276' title='bbox 723 3570 858 3652; x_wconf 76' lang='lat' dir='ltr'><strong><em>fideique</em></strong></span> <span class='ocrx_word' id='word_1_277' title='bbox 886 3591 963 3635; x_wconf 87' lang='lat' dir='ltr'><strong><em>suae</em></strong></span> <span class='ocrx_word' id='word_1_278' title='bbox 993 3568 1195 3649; x_wconf 79' lang='lat' dir='ltr'><strong><em>devinciebat,</em></strong></span> <span class='ocrx_word' id='word_1_279' title='bbox 1226 3574 1262 3632; x_wconf 92' lang='lat' dir='ltr'><strong><em>ut</em></strong></span> <span class='ocrx_word' id='word_1_280' title='bbox 1279 3599 1307 3639; x_wconf 68' lang='lat' dir='ltr'><strong><em>a</em></strong></span> 
     </span>
     <span class='ocr_line' id='line_1_37' title="bbox 141 3657 1260 3741; baseline -0.002 -18"><span class='ocrx_word' id='word_1_281' title='bbox 141 3680 205 3723; x_wconf 93' lang='lat' dir='ltr'><strong><em>non</em></strong></span> <span class='ocrx_word' id='word_1_282' title='bbox 235 3661 334 3725; x_wconf 86' lang='lat' dir='ltr'><strong><em>sotum</em></strong></span> <span class='ocrx_word' id='word_1_283' title='bbox 360 3659 487 3741; x_wconf 79' lang='lat' dir='ltr'><strong><em>mapnis</em></strong></span> <span class='ocrx_word' id='word_1_284' title='bbox 516 3658 688 3725; x_wconf 88' lang='lat' dir='ltr'><strong><em>bonoribus</em></strong></span> <span class='ocrx_word' id='word_1_285' title='bbox 721 3658 824 3740; x_wconf 83' lang='lat' dir='ltr'><strong><em>ipsum</em></strong></span> <span class='ocrx_word' id='word_1_286' title='bbox 858 3658 1041 3740; x_wconf 86' lang='lat' dir='ltr'><strong><em>reciperent,</em></strong></span> <span class='ocrx_word' id='word_1_287' title='bbox 1076 3659 1132 3722; x_wconf 92' lang='lat' dir='ltr'><strong><em>sed</em></strong></span> <span class='ocrx_word' id='word_1_288' title='bbox 1164 3657 1260 3722; x_wconf 92' lang='lat' dir='ltr'><strong><em>etiam</em></strong></span> 
     </span>
     <span class='ocr_line' id='line_1_38' title="bbox 140 3745 1259 3829; baseline 0 -19"><span class='ocrx_word' id='word_1_289' title='bbox 140 3747 256 3813; x_wconf 84' lang='lat' dir='ltr'><strong><em>liberos</em></strong></span> <span class='ocrx_word' id='word_1_290' title='bbox 282 3748 311 3813; x_wconf 90' lang='lat' dir='ltr'><strong><em>ei</em></strong></span> <span class='ocrx_word' id='word_1_291' title='bbox 340 3751 385 3813; x_wconf 89' lang='lat' dir='ltr'><strong><em>ad</em></strong></span> <span class='ocrx_word' id='word_1_292' title='bbox 413 3748 654 3814; x_wconf 90' lang='lat' dir='ltr'><strong><em>benedicendum</em></strong></span> <span class='ocrx_word' id='word_1_293' title='bbox 684 3747 842 3828; x_wconf 83' lang='lat' dir='ltr'><strong><em>offerrent,</em></strong></span> <span class='ocrx_word' id='word_1_294' title='bbox 873 3747 929 3828; x_wconf 81' lang='lat' dir='ltr'><strong><em>qui</em></strong></span> <span class='ocrx_word' id='word_1_295' title='bbox 945 3753 1058 3829; x_wconf 89' lang='lat' dir='ltr'><strong><em>postea</em></strong></span> <span class='ocrx_word' id='word_1_296' title='bbox 1080 3745 1170 3811; x_wconf 85' lang='lat' dir='ltr'><strong><em>nocis</em></strong></span> <span class='ocrx_word' id='word_1_297' title='bbox 1190 3767 1259 3810; x_wconf 92' lang='lat' dir='ltr'><strong><em>con-</em></strong></span> 
     </span>
     <span class='ocr_line' id='line_1_39' title="bbox 140 3834 1259 3918; baseline -0.001 -18"><span class='ocrx_word' id='word_1_298' title='bbox 140 3835 217 3901; x_wconf 89' lang='lat' dir='ltr'><strong><em>ditis</em></strong></span> <span class='ocrx_word' id='word_1_299' title='bbox 245 3836 448 3902; x_wconf 87' lang='lat' dir='ltr'><strong><em>monasteriis</em></strong></span> <span class='ocrx_word' id='word_1_300' title='bbox 477 3836 655 3902; x_wconf 90' lang='lat' dir='ltr'><strong><em>doctrinam</em></strong></span> <span class='ocrx_word' id='word_1_301' title='bbox 684 3837 884 3918; x_wconf 72' lang='lat' dir='ltr'><strong><em>requiemque</em></strong></span> <span class='ocrx_word' id='word_1_302' title='bbox 914 3836 982 3900; x_wconf 89' lang='lat' dir='ltr'><strong><em>eius</em></strong></span> <span class='ocrx_word' id='word_1_303' title='bbox 1005 3842 1034 3900; x_wconf 91' lang='lat' dir='ltr'><strong><em>et</em></strong></span> <span class='ocrx_word' id='word_1_304' title='bbox 1055 3834 1119 3917; x_wconf 83' lang='lat' dir='ltr'><strong><em>ipsi</em></strong></span> <span class='ocrx_word' id='word_1_305' title='bbox 1141 3855 1259 3916; x_wconf 86' lang='lat' dir='ltr'><strong><em>propa-</em></strong></span> 
     </span>
     <span class='ocr_line' id='line_1_40' title="bbox 137 3923 1259 4007; baseline -0.002 -19"><span class='ocrx_word' id='word_1_306' title='bbox 137 3932 303 4006; x_wconf 82' lang='lat' dir='ltr'><strong><em>paeerunt.</em></strong></span> <span class='ocrx_word' id='word_1_307' title='bbox 346 3926 580 3990; x_wconf 81' lang='lat' dir='ltr'><strong><em>Tbeudebertus</em></strong></span> <span class='ocrx_word' id='word_1_308' title='bbox 598 3947 663 4007; x_wconf 84' lang='lat' dir='ltr'><strong><em>ren,</em></strong></span> <span class='ocrx_word' id='word_1_309' title='bbox 688 3926 733 3990; x_wconf 94' lang='lat' dir='ltr'><strong><em>ad</em></strong></span> <span class='ocrx_word' id='word_1_310' title='bbox 754 3946 844 4005; x_wconf 81' lang='lat' dir='ltr'><strong><em>quem</em></strong></span> <span class='ocrx_word' id='word_1_311' title='bbox 860 3931 936 4006; x_wconf 90' lang='lat' dir='ltr'><strong><em>post</em></strong></span> <span class='ocrx_word' id='word_1_312' title='bbox 949 3924 1017 3989; x_wconf 90' lang='lat' dir='ltr'><strong><em>eius</em></strong></span> <span class='ocrx_word' id='word_1_313' title='bbox 1033 3923 1151 3989; x_wconf 90' lang='lat' dir='ltr'><strong><em>abitum</em></strong></span> <span class='ocrx_word' id='word_1_314' title='bbox 1167 3923 1259 3987; x_wconf 81' lang='lat' dir='ltr'><strong><em>multi</em></strong></span> 
     </span>
     <span class='ocr_line' id='line_1_41' title="bbox 139 4013 1306 4095; baseline 0.005 -18"><span class='ocrx_word' id='word_1_315' title='bbox 139 4013 206 4077; x_wconf 90' lang='lat' dir='ltr'><strong><em>iam</em></strong></span> <span class='ocrx_word' id='word_1_316' title='bbox 233 4015 355 4094; x_wconf 84' lang='lat' dir='ltr'><strong><em>fratres</em></strong></span> <span class='ocrx_word' id='word_1_317' title='bbox 384 4014 528 4079; x_wconf 85' lang='lat' dir='ltr'><strong><em>Luuooio</em></strong></span> <span class='ocrx_word' id='word_1_318' title='bbox 557 4035 589 4079; x_wconf 90' lang='lat' dir='ltr'><strong><em>se</em></strong></span> <span class='ocrx_word' id='word_1_319' title='bbox 618 4015 823 4094; x_wconf 81' lang='lat' dir='ltr'><strong><em>contulerant,</em></strong></span> <span class='ocrx_word' id='word_1_320' title='bbox 854 4020 884 4078; x_wconf 93' lang='lat' dir='ltr'><strong><em>et</em></strong></span> <span class='ocrx_word' id='word_1_321' title='bbox 912 4013 981 4079; x_wconf 84' lang='lat' dir='ltr'><strong><em>ioca</em></strong></span> <span class='ocrx_word' id='word_1_322' title='bbox 1010 4019 1186 4095; x_wconf 90' lang='lat' dir='ltr'><strong><em>opportuna</em></strong></span> <span class='ocrx_word' id='word_1_323' title='bbox 1215 4013 1261 4076; x_wconf 92' lang='lat' dir='ltr'><strong><em>ad</em></strong></span> <span class='ocrx_word' id='word_1_324' title='bbox 1276 4043 1306 4082; x_wconf 68' lang='grc' dir='ltr'><strong><em>ιο</em></strong></span> 
     </span>
     <span class='ocr_line' id='line_1_42' title="bbox 139 4101 1258 4186; baseline -0.003 -19"><span class='ocrx_word' id='word_1_325' title='bbox 139 4102 370 4168; x_wconf 88' lang='lat' dir='ltr'><strong><em>consistendum</em></strong></span> <span class='ocrx_word' id='word_1_326' title='bbox 393 4109 423 4168; x_wconf 90' lang='lat' dir='ltr'><strong><em>et</em></strong></span> <span class='ocrx_word' id='word_1_327' title='bbox 444 4103 589 4168; x_wconf 91' lang='lat' dir='ltr'><strong><em>nationes</em></strong></span> <span class='ocrx_word' id='word_1_328' title='bbox 615 4102 784 4186; x_wconf 78' lang='lat' dir='ltr'><strong><em>proximas</em></strong></span> <span class='ocrx_word' id='word_1_329' title='bbox 812 4103 857 4166; x_wconf 92' lang='lat' dir='ltr'><strong><em>ad</em></strong></span> <span class='ocrx_word' id='word_1_330' title='bbox 878 4101 1135 4184; x_wconf 88' lang='lat' dir='ltr'><strong><em>praedicandum</em></strong></span> <span class='ocrx_word' id='word_1_331' title='bbox 1157 4102 1187 4165; x_wconf 95' lang='lat' dir='ltr'><strong><em>ei</em></strong></span> <span class='ocrx_word' id='word_1_332' title='bbox 1211 4101 1258 4164; x_wconf 92' lang='lat' dir='ltr'><strong><em>ob-</em></strong></span> 
     </span>
    </p>
   </div>
   <div class='ocr_carea' id='block_1_3' title="bbox 137 4275 1256 4416">
    <p class='ocr_par' dir='ltr' id='par_1_6' title="bbox 137 4275 1256 4416">
     <span class='ocr_line' id='line_1_43' title="bbox 137 4275 1256 4413; baseline -0.003 -82"><span class='ocrx_word' id='word_1_333' title='bbox 137 4276 166 4413; x_wconf 59' lang='lat' dir='ltr'>B</span> <span class='ocrx_word' id='word_1_334' title='bbox 182 4277 216 4398; x_wconf 52' lang='lat' dir='ltr'><strong><em>{sb</em></strong></span> <span class='ocrx_word' id='word_1_335' title='bbox 231 4276 345 4403; x_wconf 58' lang='lat' dir='ltr'><strong><em>Cotipbng.</em></strong></span> <span class='ocrx_word' id='word_1_336' title='bbox 360 4277 382 4342; x_wconf 90' lang='lat' dir='ltr'><strong><em>I,</em></strong></span> <span class='ocrx_word' id='word_1_337' title='bbox 396 4279 438 4332; x_wconf 81' lang='lat'><strong><em>23.</em></strong></span> <span class='ocrx_word' id='word_1_338' title='bbox 493 4276 522 4344; x_wconf 83' lang='lat'><strong><em>2)</em></strong></span> <span class='ocrx_word' id='word_1_339' title='bbox 538 4278 697 4329; x_wconf 79' lang='lat' dir='ltr'><strong><em>Columbani</em></strong></span> <span class='ocrx_word' id='word_1_340' title='bbox 707 4276 823 4343; x_wconf 80' lang='lat' dir='ltr'><strong><em>epistula</em></strong></span> <span class='ocrx_word' id='word_1_341' title='bbox 834 4277 852 4331; x_wconf 81' lang='lat' dir='ltr'><strong><em>t.</em></strong></span> <span class='ocrx_word' id='word_1_342' title='bbox 867 4277 884 4331; x_wconf 89' lang='lat' dir='ltr'><strong><em>l.</em></strong></span> <span class='ocrx_word' id='word_1_343' title='bbox 893 4293 923 4343; x_wconf 75' lang='lat' dir='ltr'><strong><em>p.</em></strong></span> <span class='ocrx_word' id='word_1_344' title='bbox 935 4278 994 4331; x_wconf 89' lang='lat'><strong>169.</strong></span> <span class='ocrx_word' id='word_1_345' title='bbox 1050 4276 1078 4344; x_wconf 91' lang='lat'><strong><em>3)</em></strong></span> <span class='ocrx_word' id='word_1_346' title='bbox 1097 4275 1256 4341; x_wconf 80' lang='lat' dir='ltr'><strong><em>Io.p.167.</em></strong></span> 
     </span>
     <span class='ocr_line' id='line_1_44' title="bbox 217 4365 341 4416; baseline 0.008 -14"><span class='ocrx_word' id='word_1_347' title='bbox 217 4365 267 4416; x_wconf 88' lang='lat' dir='ltr'><strong><em>.p.</em></strong></span> <span class='ocrx_word' id='word_1_348' title='bbox 335 4390 341 4403; x_wconf 88' lang='lat'><strong><em>.</em></strong></span> 
     </span>
    </p>
   </div>
   <div class='ocr_carea' id='block_1_4' title="bbox 0 0 1494 4928">
    <p class='ocr_par' dir='ltr' id='par_1_7' title="bbox 0 0 1494 4928">
     <span class='ocr_line' id='line_1_45' title="bbox 0 0 1494 4928; baseline 0 5"><span class='ocrx_word' id='word_1_349' title='bbox 0 0 1494 4928; x_wconf 95' lang='lat' dir='ltr'><strong><em> </em></strong></span> 
     </span>
    </p>
   </div>
  </div>
 </body>
</html>
