2978 4928
383 429 509 498 IONAS,
524 429 646 484 VITAE
665 427 893 484 COLUMBANI
910 426 1019 481 LIBRI
1036 426 1076 483 II.
1239 430 1290 485 137

170 612 413 694 splendidasque
435 612 519 678 idem
541 613 626 677 solus
648 610 787 676 seruauit
808 611 897 675 baud
921 630 1051 690 paucas,
1083 608 1216 690 reliquis
1238 611 1289 674 ab·

170 701 353 766 errantibus
375 701 537 766 omnibus:

208 791 261 870 II,
276 797 306 854 9.
354 787 553 874 colligabim]
571 790 603 853 A
614 797 668 871 le;
684 790 878 855 collocatim
896 787 929 850 B
941 795 1000 867 la;
1014 786 1198 851 bellieabim
1214 786 1286 864 Au

355 881 526 944 stilliatim
550 879 583 943 A
600 881 657 958 ul,-
681 879 884 962 singillatim
908 876 941 940 A
956 876 1014 956 lb;
1038 897 1096 939 om.
1121 877 1153 938 A
1169 881 1211 956 le,

133 991 146 1029 s
170 974 262 1049 atque
284 967 435 1049 inprimis
464 968 500 1032 in
524 967 700 1032 Miraeulis
722 964 992 1030 Enoriaeensibus
1022 986 1194 1029 sermonem
1218 985 1288 1030 aua-

170 1056 249 1121 toris
275 1078 397 1138 parum
431 1063 601 1121 eorreetum
635 1078 674 1120 ea
707 1056 763 1120 boe
794 1054 897 1119 codiee
926 1053 1020 1118 semel
1050 1060 1141 1134 atque
1175 1053 1289 1117 iterum

99 1135 112 1163 '
169 1145 282 1210 melius
305 1145 447 1228 capnosei
471 1145 542 1210 lieet
563 1166 658 1225 uuam
681 1165 720 1209 en
741 1143 890 1225 reliquis:

207 1234 326 1316 ILll.
352 1235 519 1300 coenubio
549 1269 594 1278 -
625 1255 725 1317 quem
756 1269 799 1276 —
833 1230 1012 1317 quemque]
1045 1233 1077 1296 A
1097 1238 1150 1311 le,·
1185 1253 1211 1295 o.
1244 1267 1288 1276 -

351 1326 443 1407 quod
466 1357 510 1366 —
534 1325 693 1406 quodque
717 1318 820 1407 (quod
843 1321 876 1384 A
891 1329 936 1386 le.
953 1324 986 1401 d)
1009 1323 1098 1402 rell.,·

125 1430 151 1468 1⁰
239 1411 282 1477 ib.
352 1434 428 1476 oum
453 1407 595 1495 fluenta]
621 1412 723 1491 Ale;
746 1433 823 1476 cum
847 1411 988 1476 fluentis
1012 1410 1107 1475 Alb.
1125 1430 1160 1491 e‚·
1183 1410 1288 1474 aflu-

352 1502 425 1566 enti
449 1495 599 1584 (fluenbi2
625 1496 723 1582 A2a)
746 1500 779 1563 A
796 1501 843 1564 ld.
869 1506 921 1563 2a.
945 1500 980 1564 B
995 1508 1044 1564 la.

168 1589 261 1654 Haeo
283 1595 348 1653 tota
371 1589 477 1671 stirps,
502 1589 620 1654 seilicet
640 1589 732 1653 Ale.
750 1591 821 1668 de,
845 1611 914 1652 una
937 1611 1006 1653 eum
1030 1588 1111 1653 libro
1135 1587 1288 1652 deteriore

168 1677 200 1740 A
214 1684 265 1759 2a,
296 1678 351 1760 qui
382 1700 452 1743 eum
482 1677 615 1758 reliquis
644 1684 796 1742 aeaurata
825 1676 1004 1742 imitatione
1027 1683 1146 1742 certare
1169 1677 1285 1758 nequit,

168 1766 328 1832 lectionem
352 1767 514 1849 arebetppi
536 1768 604 1831 sola
628 1765 766 1831 seruauit
787 1767 817 1830 b.
842 1767 883 1830 l.:

123 1892 155 1942 15,
190 1873 256 1964 ¹H,
274 1879 323 1937 12.
349 1874 503 1958 postulat
524 1875 616 1957 patri
634 1868 815 1957 matrique]
833 1872 865 1935 A
877 1879 921 1938 le.
935 1875 965 1937 d.
979 1894 1003 1937 e.
1022 1879 1084 1954 2a;
1102 1896 1135 1957 p.
1152 1877 1286 1957 patrem

350 1968 562 2046 matremque
587 1959 663 2046 (que
688 1983 746 2025 orn.
771 1961 804 2025 A
820 1957 867 2045 lb)
891 1962 985 2028 Alb.
1010 1961 1042 2025 B
1058 1968 1105 2025 la.

167 2069 381 2152 Exemplaria
404 2091 441 2133 ea
464 2090 544 2150 arrae
566 2068 600 2132 B
616 2077 655 2132 la
678 2067 825 2132 adbibuit
847 2068 965 2133 nostris
989 2066 1146 2132 codicibus
1168 2067 1226 2131 Al
1252 2075 1288 2132 ut

168 2156 353 2237 antiquiora
376 2157 424 2221 ita
447 2157 542 2222 etiam
571 2156 789 2222 emendatiora
817 2157 927 2238 fuisse,
961 2178 999 2221 en
1033 2161 1134 2221 aetate
1164 2163 1193 2220 et
1222 2158 1286 2236 fide

166 2244 262 2310 buius
285 2245 361 2311 libri
384 2245 488 2327 eollipi
511 2245 583 2310 lieet
604 2252 696 2327 atque
718 2244 756 2310 in
780 2246 815 2310 V.
840 2244 981 2326 Bertulrl
1003 2244 1086 2311 idern
1109 2266 1179 2310 eum
1203 2246 1286 2311 socio

122 2355 149 2393 ao
167 2334 200 2397 A
215 2336 251 2398 lb
268 2333 430 2416 callepium
445 2335 579 2400 alterum
595 2336 627 2399 A
643 2343 692 2399 la,
710 2341 753 2399 ba
768 2335 857 2400 laud
876 2356 953 2399 raro
977 2355 1128 2416 superare
1150 2334 1284 2400 ridetur.

167 2423 212 2487 In
234 2423 419 2488 uniuersum
441 2445 516 2488 uera
539 2423 627 2488 leutio
650 2423 686 2488 in
710 2445 893 2506 unoquoque
915 2424 984 2503 fere
1002 2423 1105 2489 radiae
1123 2444 1286 2490 ooeurrere

160 2517 289 2593 poterat
311 2518 403 2593 atque
426 2512 462 2576 in
485 2512 661 2577 Miraeulis
684 2513 954 2578 Enoriaeensibus
982 2514 1085 2593 fontes
1114 2513 1216 2578 nostri
1239 2514 1286 2579 ita

166 2600 326 2681 dedeirmt,
355 2608 390 2664 ut
419 2623 484 2666 non
513 2603 605 2666 semel
628 2604 673 2667 ad
694 2601 907 2668 coniecturam
929 2602 1173 2684 aonfupiendum
1197 2611 1283 2669 esset.

272 2707 368 2773 Libri
391 2708 445 2771 ΙΙ.
462 2715 576 2790 partes
598 2708 743 2790 sinpulas
766 2731 836 2774 eum
859 2709 1016 2774 codicibus
1038 2710 1071 2774 A
1087 2717 1135 2773 la.
1153 2711 1180 2774 b.
1199 2712 1240 2775 b1.
1258 2733 1283 2777 e.

121 2816 147 2855 25
167 2802 196 2859 2.
215 2802 267 2860 2a.
291 2794 325 2859 B
340 2804 379 2860 la
402 2796 528 2877 contuli,
553 2819 622 2862 eum
645 2799 678 2862 A
695 2800 743 2862 ld.
760 2820 776 2862 e
800 2798 930 2863 eontulit
951 2798 1002 2863 W.
1021 2798 1159 2862 Leuison
1182 2800 1286 2864 sosius

165 2905 261 2948 uleus.
300 2884 563 2966 Diserepantiam
593 2885 758 2950 lectionum
787 2886 986 2951 variantium
1009 2887 1140 2967 plenam
1165 2909 1181 2950 e
1204 2888 1284 2952 eodi-

166 2972 253 3037 eibus
283 2979 405 3037 tantum
428 2975 460 3037 A
475 2981 516 3038 la
539 2980 569 3037 et
589 2974 623 3038 B
638 2981 677 3039 la
705 2975 857 3039 adnotari
886 2980 978 3054 atque
1000 2974 1194 3055 reliquorum
1216 2976 1284 3055 far·

165 3061 312 3142 rapinem
334 3061 415 3127 sieut
434 3062 471 3126 in
495 3062 575 3126 libro
599 3062 630 3126 I.
654 3062 701 3128 ita
731 3062 769 3126 iu
792 3064 849 3127 boe
871 3062 1025 3128 adhibitis
1054 3064 1285 3143 exemplaribus

165 3149 324 3214 similibus
347 3171 491 3232 purpure
521 3151 612 3214 nisus
642 3173 720 3216 sum.
767 3152 880 3231 Itaque
905 3157 1034 3232 praeter
1057 3151 1176 3215 codices
1198 3153 1231 3216 A
1246 3155 1284 3217 lb

120 3260 147 3300 so
165 3245 195 3303 et
223 3239 305 3302 Ale
338 3260 415 3303 usus
448 3261 518 3302 sum
547 3240 645 3304 Alb*
677 3246 706 3304 et
733 3240 829 3304 Ala*
862 3236 930 3320 (II,
950 3238 1058 3320 1-6)
1093 3241 1138 3303 ad
1169 3244 1284 3305 menda

166 3328 303 3392 tollenda
326 3349 372 3409 ea,
397 3327 536 3409 quaein
559 3328 611 3392 bis
633 3350 699 3393 nou
721 3330 871 3409 redeunt;
895 3328 1120 3394 eonsentientes
1138 3350 1209 3394 uero
1228 3330 1284 3394 bos
1342 3327 1345 3333 ’

165 3417 257 3480 iunta
280 3415 351 3480 illos
368 3415 406 3481 in
424 3423 587 3501 apparatu
605 3417 714 3482 eritieo
730 3416 917 3482 nominatim
932 3416 1063 3482 minime
1079 3418 1183 3494 citari,
1207 3440 1284 3499 quos

165 3504 334 3569 subaudiri
357 3505 435 3586 lieet,
460 3505 526 3570 nisi
545 3506 742 3571 eontrarium
759 3509 944 3571 adnotatum
959 3513 1013 3570 est.
1052 3507 1284 3586 Deficientibus

166 3592 323 3659 codicibus
345 3594 378 3657 A
394 3596 440 3659 lb.
458 3596 487 3656 b'
512 3596 557 3659 ad
578 3594 684 3676 capita
712 3603 800 3660 1-6
832 3594 909 3660 libri
938 3595 1070 3659 alterius
1092 3597 1284 3661 recensenda

120 3701 147 3741 ss
166 3683 197 3744 A
213 3683 265 3746 161
291 3682 338 3747 ita
368 3682 509 3764 adhibui,
544 3689 580 3747 ut
610 3684 680 3763 fere
714 3683 821 3748 omnia
855 3683 1086 3767 exscripserim
1122 3691 1213 3766 atqrm
1246 3685 1284 3750 in

165 3770 342 3837 Miraeulis
370 3771 639 3837 Enoriaeensibus
672 3772 872 3839 recensendis
906 3773 1040 3838 codicem
1069 3774 1102 3837 A
1122 3776 1173 3838 lb3
1207 3796 1283 3838 non·

165 3881 337 3940 numquam
356 3860 508 3942 consului,
533 3860 562 3925 si
580 3861 738 3927 codicibus
757 3862 790 3926 A
805 3862 842 3925 lb
858 3868 888 3926 et
901 3863 934 3927 A
949 3862 1000 3926 lb*
1017 3862 1102 3926 inter
1116 3885 1149 3927 se
1165 3864 1283 3928 dissen—
1364 3918 1367 3926 .

166 3948 314 4013 tientibus
336 3955 393 4013 aut
415 3948 491 4014 aliis
509 3948 754 4028 difficultatibus
777 3950 886 4015 tertius
909 3951 1030 4015 arbiter
1052 3952 1281 4033 requirebatur.

164 4037 221 4100 Ad
242 4037 387 4102 lectiones
408 4039 440 4101 A
457 4045 491 4103 le
514 4039 728 4119 percolandas
751 4045 882 4121 praeter
904 4039 1038 4104 codicem
1068 4040 1283 4123 imperfectum

118 4144 146 4183 40
164 4124 256 4189 Ale*
273 4124 342 4207 (ΙΙ,
359 4128 465 4210 1-6)
481 4126 614 4191 adbibui
629 4133 658 4192 et
672 4128 705 4191 A
717 4131 757 4193 ld
772 4127 841 4210 (II,
856 4132 986 4212 7-2‘2)
1003 4135 1032 4193 et
1047 4131 1079 4192 A
1092 4139 1133 4210 le,
1150 4151 1282 4210 quorum

127 4251 131 4259 ·
163 4217 279 4279 menda
301 4214 485 4296 peculiaria
514 4215 550 4280 in
578 4215 762 4281 uniuersum
784 4238 850 4282 uon
872 4218 1002 4296 curaui·
1018 4217 1147 4283 -eodieis
1169 4219 1201 4282 A
1218 4219 1280 4282 ld*

93 4301 95 4304 ’
165 4298 232 4383 (ΙΙ,
248 4303 353 4386 1-6)
371 4304 538 4389 propioris
553 4304 630 4370 libri
644 4305 677 4370 A
688 4313 723 4370 la
739 4306 916 4388 propinqui
931 4307 1087 4370 rationem
1102 4326 1165 4370 non
1184 4306 1282 4370 dabui

163 4390 230 4455 nisi
252 4412 340 4456 raro.
375 4393 487 4458 Etiam
510 4393 650 4458 radicum
672 4394 891 4459 Auernae
913 4394 1160 4475 discrepantiam
1183 4394 1281 4458 leutio-

163 4499 241 4543 num
269 4480 466 4547 variantium
494 4502 559 4547 non
589 4482 707 4548 admisi
734 4482 801 4548 nisi
830 4503 1029 4563 communem,
1060 4489 1095 4546 at
1120 4481 1281 4562 deficiente
