2978 4928
408 409 536 480 IONAS,
549 408 671 465 viana
688 408 919 464 OOLUMBANI
937 408 1046 465 LIBRI
1061 409 1101 466 II.
1281 415 1317 484 25

199 641 200 644 ,
304 593 442 675 *Reputo
471 614 566 675 quam
595 591 779 657 examinavi
809 590 998 657 coenobialis
1021 614 1145 675 poenos
1174 594 1316 673 fratrum
1335 610 1409 659 *ure

194 682 443 765 delinquentiam
479 681 634 761 continet·
664 686 834 762 praecepta
868 686 972 746 autem
1001 681 1208 764 inst'tataaue
1238 705 1315 749 com·

193 770 308 837 munia
330 794 352 837 a
374 770 538 837 monacbis
561 771 758 835 obseruando
781 768 993 835 Columbanas
1015 769 1051 835 in
1074 771 1186 853 reputo
1208 793 1315 836 mona-

194 860 346 927 eboruml
369 859 498 942 collepit,
530 881 610 942 quae
638 858 675 923 in
704 879 767 924 ano
789 857 958 923 Benedicti
980 858 1181 925 Anionensis
1212 861 1315 927 codice

161 973 177 1015 s
195 971 265 1016 cum
280 949 382 1014 altero
397 948 444 1014 ito
460 948 629 1014 coniuncta
644 953 697 1029 est,
717 953 752 1011 ut
770 969 795 1012 c.
816 953 854 1011 10
872 945 1026 1028 (prrmscr.
1045 949 1097 1013 De
1113 950 1314 1016 diversitate

194 1039 391 1123 culparum)
422 1037 517 1102 totius
547 1036 687 1119 corporis
716 1036 848 1116 efficiat.
894 1035 1047 1101 Monimo
1074 1058 1159 1120 pars
1188 1039 1315 1120 aepulae

193 1127 417 1193 monachornm
433 1125 636 1206 mortificatio
653 1131 730 1206 erat,
755 1124 874 1192 scilicet
894 1124 1084 1207 spiritualis,
1108 1125 1157 1192 ita
1173 1133 1208 1192 at
1223 1147 1314 1192 suum

193 1215 323 1298 quisque
346 1215 479 1280 liberum
501 1214 673 1281 arbitrium
691 1215 878 1280 conculcans
892 1215 930 1278 de
946 1235 999 1279 ore
1016 1216 1169 1296 penderet
1182 1215 1327 1281 alterius·

193 1326 292 1386 neque
315 1304 465 1387 copitaret
487 1323 585 1385 neque
608 1304 785 1384 loqueretur
801 1302 938 1385 propria
957 1325 1055 1386 neque
1072 1303 1135 1369 iret
1157 1325 1314 1388 numnam

149 1420 177 1460 10
194 1393 299 1459 libere.
338 1393 436 1458 Dura
451 1393 511 1458 bac
526 1392 698 1472 discrplina
713 1392 909 1457 securitatem
928 1392 1041 1458 mentis
1059 1393 1185 1459 seruari
1204 1400 1315 1460 auctor

193 1488 285 1552 rotas
306 1488 360 1562 est,
377 1503 446 1547 omn
461 1481 517 1564 aui
538 1502 659 1563 seraper
680 1480 940 1563 interropaoisset
956 1504 1129 1563 numquam
1146 1483 1213 1564 ipse
1228 1504 1314 1548 erra·

192 1578 285 1636 turus
313 1577 400 1636 esset.
446 1569 620 1636 Monacbis
649 1569 749 1653 ipitar
778 1576 813 1634 ui
842 1572 977 1651 superba
1006 1570 1136 1636 libertas
1162 1573 1311 1653 carenda,

193 1660 241 1726 ita
255 1680 332 1725 uero
346 1659 511 1725 humilitas
526 1659 677 1725 discendo
692 1665 770 1723 erut.
806 1659 862 1723 Ad
874 1658 1016 1740 prienam
1031 1661 1158 1725 rabum
1176 1660 1313 1726 senioris

194 1770 300 1814 ornnes
322 1750 367 1814 od
388 1748 612 1814 oboediendum
635 1768 762 1830 surpere
792 1749 970 1829 moriebar,-
1004 1748 1199 1814 oboedientia
1228 1749 1314 1814 enim

149 1863 176 1906 ιν
192 1858 290 1919 usone
324 1839 369 1903 od
399 1844 529 1903 mortem
557 1842 729 1919 praecepta
762 1842 840 1901 erat.
898 1837 1071 1902 Praeterea
1109 1838 1311 1920 abstinentia,

168 1925 324 1992 'enricus
347 1947 412 1991 non
443 1927 543 1991 solnm
567 1925 717 2007 corporis,
748 1927 804 1989 sed
831 1924 926 1989 etiam
956 1925 1077 2006 mentis,
1109 1927 1313 1992 tacitnrnitos

193 2015 277 2080 inter·
298 2015 428 2080 uirtutes
450 2016 676 2081 monachorum
698 2020 910 2079 recensentur.
949 2014 1142 2095 Paupertate
1165 2022 1193 2079 et
1211 2016 1312 2095 fucul-

193 2110 293 2169 tatum
325 2110 497 2186 contemptu
526 2103 674 2170 monaclri
699 2105 744 2168 ad
765 2102 910 2184 primam
932 2103 1158 2185 perfectionem
1182 2125 1311 2186 propre-

194 2261 332 2316 ‘Zeitsctrr·.
357 2261 380 2325 f.
406 2261 619 2327 Ktreieupeua!
636 2260 700 2326 XV,
723 2278 752 2328 p.
769 2261 909 2326 misam),
936 2259 983 2310 abi
1004 2277 1136 2326 perarana
1155 2261 1314 2313 Columbaai

149 2343 176 2384 to
193 2331 272 2384 aerbo
292 2332 407 2398 ‘senior',
428 2335 513 2399 pater
531 2333 697 2384 monasterii
715 2334 745 2382 in
764 2332 903 2383 ‘abbatem'
921 2334 1063 2383 immutata
1081 2333 1112 2398 (c.
1131 2333 1159 2398 8)
1177 2333 1311 2399 multaque

194 2419 227 2454 coc
252 2405 315 2454 aliis
341 2403 460 2468 fontibus
484 2404 647 2469 interpolata
671 2404 914 2470 deprehenduntur.
954 2404 1098 2470 Utramque
1119 2405 1205 2455 editor·
1222 2419 1312 2456 recens

194 2474 321 2541 (Sabaea,
342 2475 480 2528 ‘Zeitecbm
499 2476 520 2538 f.
539 2475 757 2541 Kircbenpescb!
775 2475 870 2538 XVII,
885 2493 915 2542 p.
928 2477 1082 2542 218—234)
1102 2478 1131 2526 ia
1149 2491 1233 2526 unum
1250 2492 1311 2528 con-

193 2547 273 2610 fudit,
298 2546 483 2598 additamenta
506 2547 619 2597 alterius
643 2547 740 2599 litteris
765 2545 954 2598 minutioribus
979 2549 1138 2614 camimens,
1161 2562 1312 2614 pariamque

193 2633 227 2669 cn
244 2618 351 2669 Donato
365 2620 509 2684 profecisse
526 2617 595 2668 nribi
613 2619 725 2683 uidetur,
752 2620 798 2684 qui
819 2634 909 2670 ceram
930 2618 1064 2670 lectionem
1085 2633 1214 2685 persaepe
1238 2619 1312 2670 solas

149 2698 175 2739 25
193 2692 316 2751 sarava,
333 2705 353 2742 e.
389 2704 427 2742 r..-

229 2775 249 2813 c.
264 2763 288 2814 7.
314 2705 513 2827 Quiyaliquum
532 2758 765 2827 contemptionem
790 2775 853 2810 oum
872 2758 983 2811 tristitia
1000 2760 1114 2830 promit]
1132 2760 1203 2824 falso
1222 2761 1312 2821 codd,-

354 2832 407 2895 lcpe
426 2831 471 2898 qni
490 2829 592 2897 aliquid
611 2847 675 2883 cum
693 2829 908 2884 contradictione
934 2833 980 2881 aut
999 2837 1033 2885 tr.
1053 2848 1092 2898 pr.
1112 2847 1171 2882 cam
1189 2833 1311 2899 Dmrato,·

229 2917 249 2955 c.
262 2905 287 2957 8.
308 2905 386 2954 extre
404 2901 506 2970 nepem]
525 2902 598 2965 firtso
617 2903 702 2962 codd.;
721 2905 799 2954 extra
818 2904 895 2968 septa
912 2907 979 2954 reae
996 2903 1129 2954 Dmratus.

193 2973 351 3024 Nouissimas
375 2980 462 3024 autem
488 2973 601 3025 eiusdem
627 2978 744 3025 uncinis
768 2973 866 3023 studiis
884 2972 1036 3040 (chitscbr.
1055 2976 1076 3037 f.
1095 2973 1309 3040 lin-cienena?

148 3054 175 3095 oo
193 3044 306 3110 XVIII,
321 3061 351 3110 p.
365 3045 476 3111 biisqq.)
500 3061 540 3094 mc
559 3045 686 3095 assentiri
703 3059 754 3096 noa
770 3059 848 3110 posse
865 3045 977 3108 iapenue
994 3047 1088 3108 fateor.
1108 3040 1197 3095 ‘Sanc
1214 3046 1310 3108 reputa

193 3117 268 3165 cuius
297 3117 353 3181 epse
382 3115 461 3179 finem
491 3117 561 3166 eruit
590 3117 727 3181 cirpinum
757 3114 910 3180 (‘Zeitscbr.
938 3117 959 3178 f.
987 3114 1202 3180 Kirctreapescb!
1230 3115 1309 3180 XVI,

188 3202 218 3251 p.
231 3187 285 3240 464
293 3189 361 3253 sqq.)
379 3189 457 3238 initio
470 3202 529 3236 cum
547 3188 641 3251 reputa
655 3186 812 3238 Columbani
827 3189 946 3250 pennino
964 3186 1000 3236 ad
1018 3202 1038 3239 c.
1053 3188 1078 3251 9,
1097 3188 1165 3237 sicat
1176 3187 1308 3253 Donatus,

148 3307 150 3310 .
191 3257 283 3308 deinde
302 3263 389 3308 autem
408 3273 468 3308 cum
486 3256 735 3323 interpolationibus
745 3257 858 3308 atterius
876 3258 1033 3307 recensionis
1051 3267 1084 3320 (c.
1098 3259 1122 3311 9.
1138 3259 1171 3311 15
1180 3273 1217 3311 aa.
1218 3261 1233 3323 )
1250 3273 1311 3310 con·

191 3329 271 3380 sentit
289 3328 404 3394 locosque
421 3329 488 3380 daos
506 3329 618 3394 candet,
637 3331 686 3395 qui
702 3331 781 3379 etiam
800 3328 874 3393 apud
893 3326 1031 3378 Donatum
1049 3331 1082 3394 (c.
1098 3331 1139 3383 19.
1154 3332 1200 3391 75)
1218 3335 1310 3383 entant

147 3408 174 3449 oo
191 3414 272 3465 neque
289 3404 382 3452 enam
400 3401 430 3450 in
449 3401 549 3464 repulia
563 3401 697 3452 Benedicti
714 3403 762 3450 ant
776 3397 906 3464 Caesarii,
924 3399 969 3450 sed
987 3400 1048 3451 inde
1066 3403 1173 3451 minime
1191 3404 1310 3467 sequitur·

191 3486 232 3522 eos
259 3486 292 3522 en
318 3473 396 3522 tertio
424 3476 532 3532 auctam
557 3471 725 3536 deprmnptos
750 3485 803 3521 esec
829 3484 947 3536 nonaque
970 3471 1066 3535 reputa
1085 3471 1311 3525 Columbiniaaac

187 3544 360 3607 poster-tuem
386 3543 523 3608 quandam
544 3548 651 3608 partem
676 3543 812 3606 contineri,
838 3544 918 3592 immo
943 3543 1085 3593 contraria
1105 3545 1197 3609 potius
1222 3545 1311 3608 opinio

191 3613 355 3665 admittenda
373 3618 418 3678 est,
437 3628 497 3663 cam
511 3613 688 3664 Columbaaus
707 3613 884 3664 mentitionem
902 3618 926 3664 et
943 3617 1117 3680 vespertinam
1136 3615 1310 3677 confessiones

190 3687 323 3748 statuerit,
338 3683 463 3735 Donatus
474 3688 562 3735 autem
574 3686 602 3735 in
616 3687 700 3750 capite
711 3686 830 3751 capitato
845 3686 884 3738 19.
897 3686 1014 3749 tertiam,
1026 3686 1126 3736 scilicet
1138 3687 1308 3752 matutinam,

146 3765 173 3804 ιο
191 3755 327 3807 addiderit
351 3758 504 3821 trinamque
528 3757 607 3806 ctiam
631 3758 661 3806 in
679 3757 840 3807 monasterio
858 3757 994 3821 uirpinum
1012 3755 1187 3808 anrtaceasi
1202 3759 1309 3808 solitam

191 3828 274 3890 fuisse
299 3831 401 3879 constet.
439 3826 505 3877 Loci
527 3829 613 3892 ipitur
629 3827 727 3892 quibas
745 3827 897 3878 Sccbassias
921 3828 1020 3877 nititur
1038 3842 1097 3877 cunr
1116 3827 1223 3879 Donato
1250 3843 1309 3880 con·

190 3904 315 3962 mirantes
333 3898 367 3949 ab
385 3899 442 3964 r'prso
460 3913 539 3963 neque
559 3913 577 3948 a
595 3897 757 3949 Oolrrmbano
783 3899 921 3964 compositi
944 3903 1015 3961 suat,
1042 3899 1071 3948 id
1096 3899 1166 3963 qreod
1191 3900 1309 3950 ducentis

191 3970 272 4019 aunis
291 3975 351 4019 ante
366 3971 483 4035 optimus
495 3967 533 4018 Le
547 3968 644 4033 Cottia
657 3970 731 4021 Ana.
743 3971 801 4024 cccl.
813 3970 913 4022 From.
926 3968 967 4033 II,
981 3971 1040 4033 iol,
1060 3971 1117 4019 iam
1131 3970 1310 4034 probaverat:

191 4054 224 4090 ea
235 4040 343 4091 Donato
355 4045 449 4091 auctor
460 4041 568 4105 repertae
579 4054 662 4090 nouae
672 4040 772 4106 pendet,
785 4056 818 4092 cn
830 4040 876 4092 boc
888 4039 1065 4105 interpolator·
1076 4040 1308 4095 Columbanianae.

145 4109 218 4178 451)
244 4110 374 4175 Repnlum
399 4111 598 4176 monachorum,
624 4113 670 4160 cui
692 4112 723 4161 in
740 4111 871 4163 codicibus
889 4111 1062 4165 Bobiensibus
1080 4126 1100 4164 c.
1115 4113 1157 4166 10.
1185 4110 1226 4162 De
1244 4127 1308 4179 per-

190 4179 309 4233 fectione
328 4180 455 4234 monachi
480 4199 513 4234 en
530 4181 696 4245 Hieronymo
720 4182 842 4233 additum
867 4187 910 4247 est,
936 4182 1017 4233 edidit
1035 4181 1150 4247 Seebass,
1171 4183 1307 4241 ‘Zeitsclrm

190 4253 212 4315 f.
232 4251 450 4318 Kircbenpescb.'
467 4254 530 4318 XV,
553 4270 583 4320 p.
596 4255 649 4308 366
659 4269 713 4320 sqq.
752 4253 792 4316 Cf.
812 4252 926 4304 eiusdem
949 4255 1070 4305 auctoris
1088 4254 1307 4318 dissertationem,

190 4338 258 4389 quae
283 4323 460 4375 inscribitur:
486 4313 568 4378 ‘iiber
587 4324 712 4377 Columba
731 4340 780 4376 aaa
799 4324 931 4375 Lunenils
948 4323 1130 4389 Klosterrepel
1149 4325 1206 4374 aad
1223 4325 1309 4375 Bass-

191 4393 277 4460 bacb’,
296 4394 418 4447 Dresrm
438 4398 515 4450 1883.
