2978 4928
170 326 205 380 60
382 321 507 392 lom,
520 322 642 377 VITAE
662 321 891 378 OOLUMBANI
909 321 1018 378 LIBRI
1035 323 1074 379 H.

169 505 267 569 lucem
290 504 422 585 aspecit.
473 503 552 570 Oum
574 511 728 587 quantum
756 505 794 569 in
823 504 875 570 lis
904 504 1019 570 studiis
1047 510 1158 570 auctor
1180 501 1308 586 profe-¹

169 593 248 659 cisse
270 592 351 656 mili
368 592 521 674 uideatur,
546 593 582 658 in
605 594 780 659 annalibus
795 592 935 659 nostris1
958 592 1064 673 fusius
1081 593 1287 676 exposuerim,

168 682 236 746 iam
258 681 416 747 monuisse
437 681 519 747 satis
541 681 610 764 erit,
634 682 738 764 ipsum
761 704 796 747 eo
814 681 926 764 optime
944 681 1090 746 meritum
1108 702 1182 763 esse,
1206 684 1291 764 qnod

168 771 204 835 in
227 770 352 835 ¹codices
381 770 594 836 Britannicos
623 777 688 836 octo
721 769 889 852 dilipenter
917 768 1098 851 inquisivit,
1129 792 1145 835 e
1175 770 1290 851 quibus

168 866 231 924 tres
253 865 375 923 tautum
398 859 466 924 noti
488 858 730 941 militassent,
761 859 876 941 bosque
905 858 1045 940 aliosque
1077 857 1320 940 copiosissimos

168 947 334 1029 descripsit
366 955 459 1030 atque
492 949 660 1012 multorum
694 948 848 1012 librorum
880 945 1055 1029 specimina
1086 947 1288 1030 pbototppioa

169 1036 303 1117 addidit,
334 1057 415 1118 puae
443 1036 512 1100 suis
542 1036 618 1101 locis
644 1035 738 1116 infra
760 1035 862 1100 attuli.
909 1034 1047 1100 Interim
1076 1057 1182 1100 annm
1211 1056 1289 1117 quos

168 1125 322 1189 citaverat
344 1124 464 1191 codices
486 1126 534 1189 uel
557 1124 591 1205 ii,
623 1127 660 1189 de
682 1145 815 1205 qnorum
837 1131 921 1189 tectu
951 1123 1066 1190 certior
1087 1125 1194 1204 factus
1223 1146 1288 1190 non

168 1219 245 1293 erat,
270 1212 317 1276 ita
340 1234 425 1277 nuuc
448 1213 626 1278 euamiuati
648 1220 730 1294 sunt,
755 1213 848 1277 utin
871 1213 986 1278 classes
1006 1220 1134 1277 nostras
1152 1213 1289 1293 describi

162 1301 334 1382 potuerint,
369 1323 578 1384 mupnumque
610 1323 716 1366 eorum
748 1323 913 1366 numerum
947 1300 1059 1383 adieci,
1095 1300 1150 1382 qui
1183 1301 1287 1384 ipsum
1308 1331 1333 1369 ιο

168 1391 328 1471 superant,
353 1397 445 1471 atque
468 1412 559 1471 spero
580 1391 659 1472 fore,
684 1397 719 1455 ut
740 1389 795 1454 oia
809 1391 909 1455 ullum
926 1389 1208 1471 praetermiserim,
1232 1390 1288 1471 qui

168 1478 205 1543 in
229 1478 381 1560 catalopis
403 1478 496 1543 editis
519 1486 730 1545 enumeratur.

276 1568 308 1632 A
328 1566 384 1649 la)
414 1566 518 1633 Oocleu
537 1567 833 1650 Sanpallensis
855 1590 888 1632 n.
906 1572 980 1647 553,
1004 1566 1128 1646 formae
1151 1573 1286 1650 octonae,

162 1678 198 1738 p.
216 1663 290 1737 227,
314 1679 335 1720 a
355 1656 504 1740 pluribus
527 1656 673 1721 librariis
695 1678 776 1721 saec.
795 1655 839 1719 Χ.
863 1655 910 1720 in.
934 1661 1095 1736 exaratus,
1126 1677 1142 1720 e
1165 1657 1288 1720 duabus

161 1745 315 1829 partibus
337 1751 465 1826 constat,
489 1766 625 1826 quarum
646 1745 738 1826 prior
758 1744 950 1810 Columbaria
968 1742 1191 1825 discipulisque
1209 1744 1286 1827 eius,
1308 1773 1333 1812 1⁶

162 1834 321 1916 posterior
349 1835 382 1899 S.
412 1833 529 1899 Gallo²
558 1834 665 1900 dicata
691 1841 744 1916 est,
777 1840 870 1915 atqcue
899 1832 994 1897 etiam
1024 1831 1060 1897 in
1083 1832 1196 1914 priore
1225 1834 1288 1898 duo

168 1922 298 1988 librarii
320 1922 538 2005 distinpueudi
560 1929 642 2005 sunt,
667 1945 736 1988 curn
760 1921 839 1987 liber
855 1922 908 1986 ΙΙ.
927 1921 1015 1985 laud
1029 1920 1079 1984 ita
1100 1922 1197 1985 multo
1212 1928 1290 2005 post

169 2012 334 2076 accessisse
367 2011 522 2077 rideatur.
577 2013 750 2093 Utrumque
784 2011 821 2075 V.
861 2009 1049 2076 Columbani
1086 2009 1203 2074 librum
1240 2011 1288 2075 ita

169 2100 353 2180 dispositum
377 2101 471 2165 codes
493 2101 633 2166 exbibet:

75 2221 151 2274 ,μη
277 2189 325 2269 ⁸p.
345 2195 494 2253 2—118.
536 2189 572 2253 V.
603 2187 790 2254 Columbaui
820 2209 889 2252 cum
919 2185 1124 2268 carminibus,
1155 2207 1288 2268 quorum
1306 2216 1334 2256 so

170 2277 303 2340 alterum
325 2276 404 2357 folio
427 2277 529 2343 exciso
552 2277 769 2359 imperfectum
791 2282 845 2356 est,

271 2386 306 2445 p.
327 2371 516 2429 tls—132.
550 2366 585 2430 V.
610 2366 749 2430 Atlalae
772 2364 837 2445 (II,
859 2363 971 2445 1-6),

270 2475 306 2535 p.
328 2459 516 2516 132—139.
548 2455 584 2518 V.
608 2453 750 2534 Bertulfi
773 2451 842 2533 (II,
859 2452 927 2534 23),

271 2563 306 2622 p.
327 2548 516 2606 139-150.
535 2543 586 2607 De
604 2543 780 2608 monachis
796 2543 1047 2607 Ebobiensibus
1065 2538 1132 2623 (II,
1146 2547 1198 2605 24.
1217 2540 1286 2624 25),

170 2630 370 2711 subsequente
399 2630 645 2714 subscriptione:
675 2631 826 2716 Explicit
856 2631 995 2695 libellus
1026 2632 1069 2696 de
1092 2632 1165 2695 viba
1194 2652 1287 2696 sano·
1306 2658 1333 2698 ss

169 2723 283 2783 torum
323 2723 460 2804 patrum
500 2720 723 2794 Columbani,
762 2720 903 2797 Abalus,
943 2719 1088 2785 Ber’colfi
1126 2720 1181 2784 vel
1219 2740 1286 2784 mo·

169 2810 358 2873 nachorum
382 2830 511 2874 eorum.

276 2896 420 2962 Alterius
433 2896 534 2980 ipitur
548 2896 625 2962 libri
636 2917 719 2981 pars
733 2896 839 2961 media
850 2894 1050 2961 desideratur
1066 2891 1135 2977 (II,
1149 2897 1285 2979 7-22),

168 2985 289 3052 seilicet
310 2986 345 3050 V.
363 2985 510 3052 Eustasii
531 3008 602 3051 cum
624 2984 791 3051 miraculis
806 2983 1083 3065 bbrniacensibus,
1106 3004 1177 3048 cum
1192 2985 1288 3050 codes

168 3076 214 3140 ad
226 3076 309 3139 solos
322 3075 496 3141 Bobienses
511 3077 637 3141 abbates
651 3074 879 3155 monachosque
893 3079 1014 3155 spectet.
1048 3072 1148 3138 Liber
1156 3071 1288 3157 primus
1306 3102 1333 3141 so

169 3185 190 3228 a
220 3165 356 3228 librario
380 3166 481 3246 paulo
510 3164 675 3230 uetustiore
698 3163 867 3228 admodum
890 3168 1036 3227 accurate
1058 3167 1210 3226 exaratus
1232 3167 1303 3244 cst,¹

168 3250 257 3333 isque
279 3252 316 3315 in
338 3253 540 3318 describendo
562 3274 627 3318 non
650 3251 764 3332 defecit
785 3249 853 3315 nisi
875 3271 961 3331 raro,
986 3251 1087 3331 pluro
1111 3249 1229 3315 scilicet
1250 3249 1288 3313 in

162 3339 283 3420 prirms
311 3340 446 3421 popinis
478 3342 594 3405 menda
627 3340 820 3405 committens
852 3360 948 3421 quom
982 3338 1019 3402 in
1046 3337 1287 3420 posterioribus.

173 3427 289 3491 Teutus
311 3434 423 3508 postea
446 3434 602 3493 correctus
623 3434 677 3508 est,
707 3428 867 3510 scriptura
888 3426 1087 3509 primipenia
1109 3447 1212 3508 erasa
1243 3432 1288 3491 at-

169 3535 228 3596 que
250 3515 403 3581 eiusmodi
425 3517 571 3582 lectiones
587 3515 683 3580 initio
701 3516 781 3580 satis
795 3517 911 3580 multae
927 3514 1088 3597 paulatim
1110 3520 1286 3580 rarescunt.
1306 3543 1333 3583 ss

171 3603 255 3668 Sunt
277 3610 381 3668 antem
403 3627 424 3669 o
448 3604 598 3687 pluribus
620 3603 768 3669 librariis
790 3605 908 3685 illatae,
940 3626 956 3669 e
978 3603 1092 3686 quibus
1114 3625 1198 3668 nnus
1220 3603 1288 3683 fere

170 3691 314 3773 aequalis
335 3699 512 3758 auamento
538 3691 686 3774 fusciore,
710 3691 902 3774 posteriores
928 3691 1100 3776 pallidiore
1129 3691 1182 3756 usi
1203 3697 1286 3757 sunt.

278 3798 462 3880 Scripturas
484 3798 640 3880 specimen
663 3798 750 3863 dedit
770 3799 903 3863 Loulor
925 3799 987 3863 tab.
1007 3798 1038 3862 I.

276 3905 417 3970 Eaedem
446 3903 592 3970 lectiones
620 3905 775 3986 multoque
798 3905 911 3986 plures
939 3904 1076 3968 eirrsdem
1103 3902 1230 3984 peneris
1252 3902 1289 3967 in

170 3992 328 4058 codicibus
342 3993 483 4059 nonullis
498 3993 578 4057 libro
595 3993 757 4074 primario
772 3995 805 4056 A
821 4001 860 4056 la
878 3993 958 4056 satis
975 3990 1167 4073 propinquis
1185 4010 1289 4057 oecur-
1299 4006 1334 4070 [a

169 4089 254 4162 mmt,
280 4103 407 4163 cumque
429 4080 666 4162 interpolatoris
688 4102 788 4144 manu
810 4087 945 4145 euaruta
968 4079 1020 4144 bic
1040 4080 1184 4144 eubibeat
1201 4101 1288 4144 oocu-
1328 4162 1330 4164 Ι

171 4291 197 4352 ll
216 4292 260 4346 (Ν.
277 4291 369 4345 Aron!
385 4290 494 4357 XXIX,
507 4305 537 4357 p.
550 4291 703 4348 sss-463.
762 4289 791 4354 2)
812 4289 870 4343 sm.
885 4304 940 4344 rer.
956 4288 1103 4355 Mmooinp.
1115 4288 1169 4353 IV,
1185 4305 1214 4355 p.
1226 4289 1288 4344 240.
