2978 4928
352 395 477 465 IONAS,
491 395 612 452 VITAE
631 393 860 451 cOLUMBANI
878 394 987 450 LIBRI
1005 393 1044 452 II.
1225 399 1259 452 lb

139 577 317 644 cedentibus
350 599 388 644 oc
422 577 676 660 subseqnentibus
709 575 921 643 Columbanns
955 579 1000 642 ad
1028 577 1259 643 Nicernensem

139 669 249 733 urbem
282 669 461 748 advenerat,
496 666 645 748 iussuque
679 665 765 748 reqis
793 665 885 731 aditu
914 685 1034 748 quoque
1056 667 1259 732 ecclesiarum

137 755 372 841 prohibebatur,
403 778 443 821 ne
466 755 676 837 tranquillum
699 756 849 821 turbaret.
896 754 1004 820 Victus
1026 754 1259 820 cotidionnsei

132 844 263 929 publice
284 865 350 909 non
365 846 586 926 praebebatur,
611 845 667 909 sed
687 843 756 928 ipse
774 864 844 908 eum
862 864 922 925 quo
939 849 1068 927 poterat
1083 845 1173 908 modo
1195 843 1259 908 sebi

107 959 121 1000 c
141 953 325 1014 comparare
348 940 472 998 coactus
494 939 573 998 erat.
617 932 773 1016 Episcopi
795 931 915 1014 aliique
937 931 1158 997 misericordia
1181 954 1258 998 com·

139 1021 216 1086 moti
248 1043 300 1087 res
333 1021 447 1103 quibus
478 1020 641 1103 indiqebut
671 1021 701 1086 ei
731 1020 878 1086 *libenter
911 1020 1091 1101 offerebant,
1130 1041 1259 1173 mpuqnc
1277 1045 1311 1088 r.
1346 1077 1353 1088 .

141 1109 312 1175 Namuetis
347 1110 473 1193 positus
502 1108 679 1210 penuriam
712 1131 763 1194 pa
764 1116 894 1190 tt,ereur
934 1109 1074 1175 Procma
1110 1115 1259 1174 matrona

140 1200 187 1263 alt
174 1205 302 1280 toroque
323 1199 421 1264 Dodo
442 1198 570 1263 nomine
592 1198 622 1263 ei
649 1200 788 1282 permult
787 1219 821 1263 os
775 1198 963 1263 tmodios
984 1197 1063 1279 cini,
1093 1198 1257 1280 frumenti,

141 1289 250 1353 braces
271 1287 435 1352 miseruut.
476 1287 676 1440 Sopbropius
699 1294 803 1353 ouum
755 1287 886 1352 emloci
908 1286 1074 1371 episcopus
1095 1308 1128 1352 se
1151 1309 1172 1352 α
1194 1309 1258 1352 mn-

96 1405 122 1443 10
140 1376 270 1442 neribus
303 1375 422 1441 dandis
455 1376 610 1441 obscum
642 1396 740 1457 neque
777 1376 996 1441 commutando
1029 1375 1059 1440 ei
1091 1375 1260 1458 quicquam

140 1464 295 1546 tradidit·
317 1465 451 1529 babebat
472 1463 557 1529 enim
579 1485 650 1530 cum
672 1465 879 1529 Tbendooldo
902 1463 1010 1529 comite
1033 1485 1054 1528 α
1076 1485 1148 1546 reqe
1170 1486 1258 1530 mon·

141 1556 257 1634 datum,
297 1559 332 1617 ut
365 1553 549 1618 adveniente
582 1552 660 1618 noni
692 1552 874 1618 Hibernico
907 1552 1055 1619 traiectui
1088 1552 1156 1618 eins
1190 1575 1259 1619 con·

139 1643 278 1707 sulerent
287 1643 308 1705 1.

252 1747 444 1813 Columbano
467 1749 607 1829 abducto,
630 1748 751 1827 fratres
765 1747 906 1812 Lmooii
924 1747 1026 1813 relicti
1046 1750 1258 1830 qubernoculo

96 1863 122 1903 a
141 1836 269 1902 omnino
299 1838 457 1916 carebant,
488 1858 558 1902 cnm
587 1858 627 1902 ne
656 1836 751 1901 alteri
780 1836 906 1918 quidem
932 1858 1042 1902 curam
1071 1836 1259 1902 monosterii

141 1925 353 1992 committendi
369 1925 522 2008 maqistro
540 1925 661 1990 occasio
680 1926 758 1989 dato
775 1930 861 2006 esset,
886 1930 1055 2007 autequam
1071 1927 1257 1990 abscederet.

148 2015 322 2080 Verebatur
345 2020 457 2095 autem,
481 2035 521 2078 ne
543 2035 576 2078 se
598 2015 724 2078 absente
745 2013 893 2091 monacbi
917 2035 938 2077 a
956 2013 1066 2096 prisco
1083 2014 1258 2078 Scottorum

140 2103 207 2168 ritu
229 2103 459 2168 alienarentur.
506 2101 676 2167 Namuetis
698 2103 821 2167 demeum
844 2101 1037 2183 constitutus,
1067 2104 1141 2166 dum
1163 2101 1258 2167 naris

140 2197 329 2274 expectatur,
361 2191 458 2255 otium
480 2191 602 2256 litteras
624 2193 669 2256 od
693 2191 814 2270 fratres
836 2190 938 2255 dandi
960 2196 1072 2256 noctus
1094 2197 1147 2272 est,
1177 2212 1258 2272 qnae

95 2306 123 2346 so
141 2281 244 2345 adbuc
281 2282 472 2362 supersunt2
512 2279 722 2362 bistorioeque
765 2277 952 2345 Colormbani
992 2280 1097 2345 lumen
1137 2280 1257 2345 clarius

141 2368 290 2447 offerunt.
336 2367 588 2434 Persecutionem
611 2390 706 2450 quom
728 2367 917 2453 potiebatur
937 2367 1007 2451 ipse
1029 2369 1191 2448 coufessus
1213 2375 1260 2434 est

142 2456 277 2539 ‘propter
298 2457 434 2522 oerbum'
458 2463 599 2522 enortom
621 2479 686 2523 esse
702 2457 910 2540 periculaque
924 2457 1021 2522 etiam
1036 2457 1121 2522 domi
1139 2457 1258 2523 relictis

140 2545 306 2610 imminere
321 2545 483 2610 discordia
494 2546 645 2628 posebali
660 2552 744 2611 mota
751 2575 762 2626 ;
778 2567 852 2630 pan
869 2545 953 2611 enim
972 2568 1041 2612 cum
1060 2546 1258 2611 adversariis

140 2637 281 2699 nondum
309 2635 398 2714 sacta
427 2641 497 2699 erot
529 2634 729 2717 insidiasque
763 2636 802 2700 ab
837 2634 882 2699 eis
910 2641 1062 2716 perpetuo
1094 2636 1255 2717 metuebat,

95 2747 122 2788 sc
140 2723 208 2787 suis
229 2723 297 2788 iam
315 2722 551 2802 infirmioribus
571 2723 679 2802 foetis.
717 2723 832 2804 Itoqne
848 2723 904 2788 oia
919 2723 1048 2789 dubium
1063 2745 1127 2788 esse
1145 2729 1256 2807 potest,

140 2811 218 2893 quin
245 2810 458 2876 Columbanus
479 2817 616 2896 propter
638 2811 795 2876 diuersam
815 2812 985 2896 pascbatis
1006 2813 1258 2894 supputationem

140 2900 296 2984 episcopis
316 2899 497 2965 Gallicanis
510 2899 742 2967 insidiantibus
760 2923 776 2965 e
794 2900 983 2966 Tbeuderici
997 2922 1094 2984 reqno
1110 2902 1258 2982 expulsus

141 2989 192 3053 sit.
231 2990 285 3053 Εα
303 2991 411 3054 eadem
433 2988 570 3072 epistula
589 2989 693 3072 colliqi
711 2989 791 3070 licet,
815 2989 903 3073 iosos
920 2989 1089 3055 monaobos
1107 2989 1144 3053 in
1163 2989 1258 3055 binas

134 3083 248 3161 portes
263 3077 381 3141 dioisos
396 3098 461 3142 esse
474 3098 633 3158 unamque
644 3079 784 3143 rebellem
797 3080 841 3143 ad
855 3077 1058 3142 aduersarios
1072 3077 1255 3159 declinasse,

96 3190 123 3231 so
140 3167 225 3231 unde
240 3167 327 3251 plus,
349 3165 462 3247 iuquit,
475 3168 577 3232 'nobis
593 3171 795 3244 nocuerunb,
816 3167 875 3250 qui
890 3168 984 3249 apud
998 3186 1061 3230 nos
1077 3168 1257 3231 unanimes

140 3277 211 3319 non
233 3257 385 3320 fuerunl.
425 3255 566 3320 Rebelles
587 3255 679 3334 foros
698 3254 785 3319 croire
803 3253 898 3319 iussit
912 3255 1051 3335 solosque
1066 3254 1258 3319 oboedieutes

141 3343 269 3408 beredes
301 3341 399 3407 ooluit
431 3364 506 3408 esse.
556 3343 733 3428 Imperium
762 3343 902 3408 Atbolae
934 3363 1008 3408 uero
1041 3342 1167 3425 sequaci
1201 3364 1257 3408 suo

141 3431 285 3512 tradidit,
310 3430 361 3496 cni
383 3431 520 3513 reliquos
535 3432 677 3498 oboedire
692 3432 804 3514 iussit,
826 3433 910 3513 qnod
931 3431 961 3496 si
982 3430 1089 3516 ipsum
1111 3431 1258 3513 subsequi

141 3519 194 3585 dle
217 3520 331 3601 mallet,
354 3520 573 3586 Waldelenum
596 3521 775 3602 desiqnom‘t
788 3519 1019 3674 praepositum.
1062 3520 1124 3586 Sin
1146 3543 1168 3586 α
1184 3542 1257 3602 per·

97 3634 123 3674 ss
140 3608 216 3688 sect
202 3608 289 3673 lonis
311 3629 425 3674 norma
447 3631 480 3674 se
497 3609 601 3692 maqis
615 3615 808 3675 removerent
822 3629 918 3691 qnam
933 3616 992 3675 ant
991 3630 1007 3673 e
1021 3617 1181 3690 nequet
1134 3610 1166 3673 A
1168 3610 1258 3674 teobol

142 3697 382 3797 conqreqotioni
400 3700 627 3797 qubernandae
649 3699 819 3779 sufficeret,
842 3699 964 3778 fratres
993 3718 1107 3778 omnes,
1137 3699 1184 3762 oel
1206 3719 1257 3763 eos

142 3785 197 3866 qni
231 3786 334 3885 ipsum
368 3785 405 3850 in
434 3785 589 3852 uiciniam
610 3786 701 3851 Brit
676 3793 794 3852 ttonum
828 3787 925 3852 secuti
958 3792 1067 3867 essent,
1047 3786 1167 3850 lloco
1201 3786 1257 3851 illo

141 3874 295 3955 relicto,
281 3895 315 3938 in
340 3874 592 3956 opportuniorem
615 3875 781 3940 conuenire
796 3875 946 3957 permisit
962 3873 1116 3955 simulque
1134 3874 1189 3955 qui
1212 3874 1258 3940 eis
1377 3903 1379 3907 ⁴

135 3968 297 4043 praeesset
319 3984 389 4028 eum
411 3963 541 4028 interim
563 3964 689 4045 eleqere,
713 3985 868 4029 summam
890 3963 953 4028 sibi
983 3983 1149 4027 reservans
1172 3969 1257 4044 pote·

96 4077 124 4116 a
141 4056 262 4130 statem,
301 4051 330 4116 si
368 4072 428 4117 suo
464 4052 579 4117 iterum
616 4073 734 4117 usurus
771 4059 849 4118 esset
881 4053 1048 4117 uoluntate.
1095 4051 1257 4135 Inprimis

141 4161 199 4204 um
195 4139 260 4204 'tati
292 4141 479 4205 studendum
512 4147 583 4205 erat
614 4142 703 4223 reqnl
705 4161 800 4223 oeque
834 4140 937 4221 drmit
936 4161 973 4204 as
1006 4138 1183 4221 retinendo,
1218 4161 1259 4205 ne

143 4367 169 4433 1)
184 4367 214 4422 V.
235 4367 349 4422 Columb.
367 4367 446 4433 l,23.
518 4365 546 4436 2)
565 4367 630 4422 Ma.
649 4368 701 4434 Ep.
720 4367 776 4435 III,
789 4368 849 4423 166.
