2978 4928
220 364 273 419 112
432 355 557 424 IONAS,
570 354 693 411 VITAE
712 352 941 409 COLUMBANI
959 353 1067 408 LIBRI
1084 353 1123 410 H.

227 541 344 608 Ultirno
368 540 432 604 loco
454 538 502 602 oel
531 536 678 618 temporis
708 535 936 616 inaequalitate
958 536 1045 601 uerbi
1067 541 1220 602 resumat
1243 535 1339 601 iuter·

215 629 336 712 polatio
353 651 374 693 a
389 633 474 692 tectu
490 625 686 708 priuipenio
708 622 984 709 (meminisceret)
1000 624 1097 704 focile
1112 624 1339 706 distinpneudo

219 726 274 783 est.
319 715 397 782 &cnr
420 722 523 779 autern
542 720 652 779 auctor
665 713 700 778 B
718 713 817 778 altero
834 715 935 796 paulo
953 713 1064 778 melius
1086 712 1229 778 eruditus
1252 719 1337 794 esset,

219 809 335 872 menda
358 805 427 870 eius
447 801 659 886 pronunties
681 802 838 867 nonnullo
860 802 988 867 sustulit
1008 802 1219 884 vocabuloque
1241 801 1340 866 textui

220 894 330 960 intulit
352 900 408 957 aut
431 891 557 974 aptiora
581 897 637 955 aut
658 890 822 955 electiora:
1358 909 1373 950 s

258 1006 283 1050 c.
303 991 332 1047 7.
379 982 578 1047 solitudinis
601 1001 661 1044 ora
686 975 723 1063 [s.
747 981 945 1045 vastitatem
969 975 1013 1065 R]
1040 980 1190 1064 adlegit3

258 1094 283 1138 o.
303 1077 353 1136 12.
378 1073 414 1136 in
445 1071 643 1154 supradicto
674 1068 807 1152 scopuli
835 1070 913 1132 sinu
938 1063 1064 1154 [speleo
1086 1068 1129 1150 B,
1161 1070 1217 1133 secl
1238 1068 1339 1132 Ionas

381 1159 448 1241 ipse
480 1160 575 1222 sinus
602 1177 662 1238 pro
685 1178 806 1241 specus
829 1156 955 1238 occepit,
986 1157 1028 1236 cf.
1053 1178 1078 1223 c.
1096 1163 1126 1220 8.
1151 1179 1338 1222 concavum

381 1250 417 1312 in
442 1252 543 1312 canite
567 1243 707 1328 sinum];

160 1376 164 1384 ·
259 1345 354 1404 c.19.
379 1338 486 1402 Aient
508 1333 558 1418 [A
584 1355 653 1399 curu
676 1335 795 1415 Fred.,·
817 1335 975 1399 fetentur
996 1331 1060 1416 B],·
1358 1351 1387 1391 10
1446 1349 1448 1352 ⁴

259 1449 284 1492 c.
302 1432 355 1491 27.
378 1426 538 1509 falanges
561 1424 744 1507 imperavit
767 1424 861 1489 abire
886 1418 992 1508 [abire
1014 1425 1113 1489 iubet
1134 1418 1198 1507 B];

260 1538 285 1581 c.
302 1522 354 1580 28.
380 1516 511 1579 aientes
536 1506 599 1597 [A,·
621 1513 776 1578 dicentes
798 1507 860 1596 B];

259 1627 285 1670 c.
303 1610 354 1668 30.
380 1603 482 1669 Omni
517 1603 687 1686 praesidio
722 1623 748 1665 s.
773 1602 1019 1666 monasterium
1053 1601 1187 1666 munire
1222 1601 1340 1665 studet

385 1689 593 1776 [muneribus
623 1694 725 1757 ornat
747 1690 790 1770 R,
824 1692 880 1756 secl
907 1691 1078 1775 praesidio
1109 1691 1242 1754 munire
1272 1709 1340 1754 cou-

382 1787 467 1845 stare
488 1779 621 1862 uidetur,
646 1780 853 1861 praecedente
876 1780 940 1844 loco
970 1778 1044 1844 loc:
1075 1784 1116 1843 ut
1139 1779 1273 1843 sodales
1297 1795 1386 1834 -15

382 1870 530 1954 presidio
552 1864 710 1953 foveret}

222 1960 274 2024 Ao
304 1957 373 2040 ipso
402 1958 524 2040 incepto
553 1979 610 2022 suo
633 1963 742 2023 auctor
765 1956 928 2040 archetypi
950 1957 984 2021 B
1006 1957 1071 2022 loco
1093 1955 1270 2038 insequenti
1292 1956 1340 2019 cle-

223 2046 340 2112 stitisse
368 2047 501 2128 uidetur,
531 2046 587 2111 ubi
615 2045 704 2110 lectio
727 2044 927 2126 primiponio
955 2046 1059 2110 adhuc
1087 2045 1178 2110 iuxta
1207 2044 1340 2125 interpo-

225 2137 324 2202 latam
347 2142 511 2201 asservato
533 2141 596 2199 cst:

262 2247 287 2290 c.
307 2231 357 2289 ll.
381 2228 549 2306 tantaque
568 2222 712 2305 piscium
733 2213 933 2301 [multitudo
953 2220 1027 2285 add.
1045 2220 1132 2294 Be·
1156 2228 1175 2285 9
1196 2221 1254 2285 litt.
1273 2242 1338 2285 ras.
1360 2238 1388 2277 20

383 2313 417 2377 B
433 2307 482 2394 la]
508 2310 607 2392 copis
625 2311 677 2372 est
694 2309 769 2370 rete
784 2306 976 2391 impletum,
1001 2313 1041 2372 ut
1057 2310 1113 2371 vix
1128 2331 1210 2393 prae
1227 2311 1340 2373 mulii·

383 2400 506 2464 tudine
527 2397 622 2461 trahi
645 2396 823 2478 potuisset.

225 2491 438 2556 Emendatarn
467 2486 550 2549 liano
579 2484 615 2548 V.
646 2482 834 2549 Colunboui
866 2482 1032 2549 editionem
1066 2504 1141 2548 acco
1168 2485 1342 2564 posteriori

225 2599 323 2659 neque
352 2573 524 2656 liopraplio
552 2570 618 2653 ipsi
647 2572 881 2638 attribuendam
910 2593 976 2638 esse
1004 2593 1043 2638 en
1072 2573 1128 2637 loc
1156 2579 1341 2653 orpurnento

226 2663 369 2733 concludi
399 2662 477 2727 licet.
530 2661 726 2726 Adoeniente
759 2668 868 2728 sancto
901 2661 939 2726 iu
973 2660 1110 2742 Gallias,
1146 2662 1269 2727 duobus
1303 2682 1342 2725 eu
1360 2679 1388 2718 2⁶

226 2754 332 2820 causis
365 2749 548 2832 relipionern
581 2749 732 2816 abolitam
764 2771 829 2816 esse
861 2751 964 2817 Ionos
996 2749 1189 2830 affirmauit,
1224 2747 1344 2815 scilicet

227 2841 265 2924 (c.
283 2840 317 2924 5)
341 2841 396 2906 vel
426 2841 470 2904 ob
497 2840 697 2923 'frequentis
726 2840 879 2908 hostium
907 2844 1127 2906 externorum
1149 2840 1206 2905 vel
1228 2839 1342 2923 negle-

225 2931 344 3015 gentis
362 2929 558 3013 praesulum
579 2927 643 3008 (ito
657 2928 710 3010 A,·
732 2929 920 3014 priscorum
940 2929 1134 3014 principum
1148 2927 1209 3010 B).
1245 2928 1343 2993 Prae·

208 3094 210 3099 ¹
224 3018 308 3083 eules
326 3019 366 3083 ab
381 3038 416 3082 eo
430 3016 656 3100 intellepuntur
670 3017 807 3099 episcopi
822 3018 1007 3099 allatesque
1016 3017 1037 3098 1,
1060 3016 1163 3099 iisque
1178 3015 1343 3100 relipionis

225 3106 354 3172 abolitio
383 3106 421 3171 in
451 3106 544 3171 libris
566 3108 598 3171 A
621 3105 697 3171 uitio
727 3105 869 3187 uertitur,
900 3108 974 3171 dum
1002 3106 1037 3170 B
1065 3105 1206 3188 ipsorum
1233 3103 1342 3188 pratia
1360 3121 1388 3159 ³0

226 3194 356 3278 priscos
382 3195 557 3278 principes'
586 3195 756 3260 substituit.
809 3194 1024 3275 Manifestum
1054 3202 1157 3260 autern
1182 3200 1229 3260 est
1254 3211 1342 3273 repes

225 3286 430 3350 Francorum
467 3306 548 3350 saec.
580 3284 637 3349 VI.
662 3304 709 3348 eu.
744 3292 912 3366 repnautcs
945 3284 1001 3348 oin
1027 3284 1154 3367 priscos
1187 3278 1342 3365 appellari

224 3373 361 3455 potuisse
391 3395 412 3438 a
435 3373 521 3438 Iona
543 3373 777 3455 quinquaqinta
799 3373 887 3439 circa
909 3372 1008 3438 anuis
1029 3378 1104 3455 post
1124 3374 1251 3455 deperite
1273 3367 1341 3451 pri·

225 3483 351 3543 suosque
379 3462 468 3546 ipsos
496 3464 592 3527 mullo
620 3461 724 3543 inopis
752 3461 959 3543 scriptoribus
991 3459 1204 3542 Caroliupicis
1232 3458 1341 3540 fuisse,

226 3551 363 3616 entiucta
385 3550 482 3632 stirpe
505 3548 750 3632 Merouiupico.
789 3552 895 3632 Quare
917 3549 998 3614 ouili
1013 3570 1206 3632 persuasum
1228 3554 1281 3627 est,
1305 3547 1342 3612 V.
1362 3561 1390 3602 ³⁶

232 3639 418 3705 Goluulani
441 3641 480 3704 ab
502 3639 726 3721 interpolatore
744 3639 840 3703 inulto
855 3638 1032 3721 posteriore
1047 3643 1250 3704 retractatam
1268 3656 1342 3716 osse,

227 3734 367 3809 certoque
389 3727 505 3794 certius
521 3730 674 3810 potasse
696 3727 777 3791 nili
798 3727 907 3792 uideor
923 3733 1037 3792 lentum
1055 3723 1285 3809 priuipeniurn
1306 3723 1344 3787 iu

228 3817 385 3882 codicibus
407 3817 440 3880 A
464 3824 659 3882 asservatum
682 3837 757 3881 esse.

335 3905 601 3987 Interpolationes
624 3904 736 3970 classis
757 3905 791 3969 B
813 3905 910 3984 focile
933 3903 1159 3970 discernendae
1181 3906 1291 3981 essent,
1315 3899 1345 3964 si

227 3996 331 4059 adhuc
360 4001 532 4076 superesset
564 3996 648 4075 quod
675 3993 799 4059 auctori
832 3993 969 4058 eiusdem
996 3998 1127 4075 praesto
1160 3990 1267 4071 fuerat
1296 4009 1344 4053 en·
1362 4004 1391 4043 40

227 4084 348 4164 ernplar
371 4083 413 4146 A.
464 4084 555 4164 Quod
583 4082 641 4147 etsi
670 4082 810 4164 reperire
831 4081 963 4147 mininie
992 4081 1090 4162 licuit,
1121 4086 1227 4145 tamen
1249 4084 1345 4142 toturn

228 4256 325 4382 ιηῖξί.
348 4258 379 4312 V.
400 4257 515 4311 Columb.
535 4257 597 4325 Ep,
621 4257 647 4323 I,
672 4258 748 4318 1.4,·
779 4258 809 4312 V.
828 4256 895 4324 Iole„
921 4255 969 4310 SS.
989 4255 1022 4310 R.
1042 4255 1188 4321 Merooinp.
1207 4253 1262 4318 III,
1282 4254 1344 4317 505,
