2978 4928
452 1271 612 1369 VITA
641 1270 983 1368 VEDASTIS

273 1432 594 1531 EPISOOPI
631 1433 1163 1531 ATREBATENSIS.

250 1663 354 1744 'llio
373 1679 540 1743 Vedastisl
556 1678 714 1758 uetustior,
731 1678 817 1743 iuter
826 1679 1061 1760 pretiosissima
1075 1686 1278 1745 mouumeuta
1296 1666 1456 1771 ’ῗῇξρᾖῖξῗ

155 1767 408 1850 bacioyrapbica
430 1769 521 1849 uuloo
544 1774 738 1846 euumerata,
770 1788 869 1848 aeque
895 1791 917 1832 a
940 1767 1051 1833 clerico
1073 1768 1278 1833 Atrebateusi

123 1878 254 1938 sueque
272 1878 351 1921 saec.
376 1857 434 1920 VI.
454 1855 624 1937 composita
647 1876 712 1919 esse
729 1862 839 1937 potest,
864 1878 941 1920 uam
964 1863 1074 1920 auctor
1088 1857 1278 1921 Atrebatum

154 1947 263 2010 urbem
292 1946 339 2010 oel
369 1945 517 2026 oppidum
549 1943 699 2009 ‘eaudem’
724 1943 764 2024 (c.
791 1943 828 2025 8)
852 1945 900 2009 oel
924 1944 1023 2009 ‘illud'
1048 1941 1086 2027 (c.
1113 1944 1146 2028 9)
1178 1966 1277 2026 usque

143 2034 258 2099 .‘bauo'
288 2035 335 2097 oel
366 2033 441 2099 ‘boc'
474 2033 639 2114 appellares
672 2031 828 2114 iudiaeua
861 2033 992 2098 miuime
1026 2033 1188 2098 babeudus
1222 2040 1275 2116 est,

156 2144 284 2204 cumque
308 2123 409 2187 Iouae
432 2121 597 2203 peculiare
619 2121 803 2186 elocutionis
830 2142 929 2203 aeuus
952 2121 1000 2186 ita
1022 2123 1203 2187 subsecutus
1224 2123 1275 2205 sit,

154 2219 191 2276 ut
212 2213 299 2293 apud
319 2218 486 2291 utrumque
507 2210 591 2275 idem
612 2210 803 2275 miraculum
822 2212 945 2292 leuatur
959 2210 1071 2275 iisdem
1089 2211 1158 2290 fere
1172 2211 1277 2277 uerbis

111 2327 137 2366 ιο
156 2306 351 2380 euarratum,
375 2321 456 2365 saec.
481 2299 562 2363 VII.
589 2305 646 2363 aut
660 2305 773 2381 postea
796 2300 933 2381 decebat.
979 2299 1067 2364 Erat
1088 2299 1189 2382 icitur
1210 2300 1277 2366 uisi

155 2390 223 2470 ime
243 2387 431 2453 Columbam'
454 2388 656 2470 bieurapbus,
682 2394 761 2453 certe
784 2387 926 2452 imitator
949 2387 1027 2453 eius.
1071 2388 1150 2454 &cm
1172 2396 1276 2454 autem

156 2483 280 2558 coustet,
306 2478 422 2541 Iouam
437 2478 587 2541 Amouda
611 2476 752 2558 episcopo
770 2478 815 2541 ad
835 2479 931 2557 sidem
955 2477 1165 2543 cbristiauam
1182 2499 1276 2559 prae·

156 2566 328 2631 dicaudam
352 2565 537 2631 adiuuctum
560 2587 625 2630 uou
647 2567 747 2629 solum
771 2565 913 2630 Scaldim
936 2566 1080 2648 fluuium,
1104 2566 1275 2632 sedetiam

158 2655 330 2720 Scarbeam
353 2655 458 2718 riuum
480 2654 648 2736 uaoiyasse
677 2676 711 2719 eo
739 2661 882 2736 tempore,
914 2675 973 2735 quo
1002 2654 1040 2719 iu
1068 2655 1276 2720 Ootuuoaut2

112 2772 137 2811 15
163 2744 238 2809 Vita
262 2743 466 2809 describeuda
482 2749 648 2825 occupatus
663 2750 741 2824 orat,
758 2743 780 2808 i.
798 2765 822 2808 e.
840 2743 927 2809 circa
943 2767 974 2809 a.
991 2750 1065 2824 642,
1089 2744 1275 2809 Atrebatum

155 2833 264 2897 urbem
287 2835 331 2897 ad
353 2834 484 2897 euudem
515 2832 619 2896 riuum
647 2832 743 2896 sitam
766 2832 894 2914 uaoiyio
918 2838 992 2896 tuuc
1014 2832 1111 2911 facile
1134 2832 1275 2914 attiaisse

149 2927 285 3001 poterat.
337 2922 442 3002 Quare
471 2920 552 2984 mibi
581 2920 706 3001 quidem
730 2942 919 3001 persuasum
950 2926 1003 3001 est,
1034 2919 1275 2986 similitudimem

156 3030 235 3089 eam,
259 3030 339 3089 quae
362 3009 448 3073 iuter
469 3014 635 3088 utramque
658 3008 764 3072 Vitam
782 3008 956 3089 iuterccdit,
980 3009 1055 3073 iude
1074 3015 1176 3074 ortam
1199 3030 1273 3090 esse,

156 3099 239 3178 quod
259 3103 393 3177 utraque
422 3099 526 3161 eodem
554 3097 623 3176 fere
645 3102 779 3178 tempore
809 3098 849 3161 ab
876 3118 939 3161 uuo
962 3099 1125 3178 eodemque
1148 3104 1275 3164 auctore

111 3215 137 3254 20
156 3185 283 3250 caudita
299 3191 352 3266 est,
369 3191 625 3267 craumeutaque,
644 3206 724 3266 quae
739 3191 813 3249 aute
828 3185 884 3249 bos
899 3206 1003 3250 auuos
1011 3206 1244 3270 proposueram
1251 3188 1272 3268 ³,

155 3275 203 3338 oet
225 3273 407 3339 aduersarii
429 3273 492 3338 mei
514 3275 798 3355 approbabimur.
844 3273 1052 3356 Bioarapbus
1081 3277 1120 3340 ab
1152 3275 1273 3356 capedi-

157 3474 182 3542 1)
202 3475 247 3525 Ita
265 3490 358 3526 uomeu
379 3477 528 3540 antiquitus
546 3473 711 3526 scribebatur
726 3472 864 3541 (Vadastis
880 3474 920 3526 od
930 3472 1052 3526 Vidastis
1065 3474 1154 3540 Grau,
1173 3475 1209 3529 H.
1222 3476 1271 3530 m.

158 3545 222 3609 VII,
235 3549 274 3610 3),
292 3551 382 3610 pastea
400 3561 459 3597 uero
472 3543 617 3611 Vedastus,
638 3551 715 3611 atque
732 3548 763 3596 iu
781 3546 912 3597 codicibus
928 3546 1003 3598 Vitae
1020 3549 1203 3598 uetustissimis
1221 3552 1273 3598 ter·

155 3619 208 3667 tiae
232 3616 415 3668 dccliuatiouis
440 3618 544 3680 formae
569 3617 607 3680 (A
624 3619 658 3670 la
681 3632 750 3670 uam.
770 3622 793 3666 a
809 3632 868 3682 acu.
882 3614 1018 3683 VadastiS,
1041 3632 1093 3671 aec.
1107 3616 1272 3686 Vedastem3

108 3702 134 3741 ro
155 3687 180 3738 B
194 3691 217 3740 1.
238 3703 289 3740 acc.
304 3685 500 3754 Vtamdastem
527 3688 578 3740 abl.
599 3685 731 3754 Vedaste)
754 3689 873 3739 noudum
898 3703 986 3740 omues
1010 3690 1132 3740 iummute
1156 3691 1273 3741 secunda

154 3759 268 3810 abolitae
279 3765 350 3811 suut.
378 3759 478 3810 Nomou
493 3758 681 3810 Germanicum
690 3758 850 3824 productius
863 3759 1095 3824 pronuntiabatur
1104 3758 1273 3828 Widugsstis

153 3831 207 3894 (ita
220 3829 363 3894 Proteus.
382 3829 463 3894 Leuis
480 3828 593 3894 Salieac,
612 3830 649 3883 ed.
666 3829 776 3894 Gettleeu
791 3846 819 3896 p.
833 3833 889 3896 95),
908 3836 1026 3883 moueute
1043 3832 1158 3894 Alsreda
1170 3831 1273 3883 Holder

153 3904 211 3952 viro
224 3901 381 3952 doctissimo.
436 3900 524 3968 2101.
542 3901 683 3966 epistulam
696 3900 727 3952 V.
739 3900 897 3952 Columbaui
909 3903 1096 3968 proconissum.
1154 3902 1181 3970 3)
1197 3901 1272 3951 ‘Mit-

153 3972 305 4036 tbeiluuaeu
323 3973 368 4023 des
379 3972 504 4022 Iustituts
516 3973 567 4034 fiir
580 3971 792 4024 bstmreicblsabe
806 3971 1111 4038 Gescbiobtsforsobuuq'
1121 3978 1181 4026 tom.
1192 3972 1271 4038 XIV,

107 4059 134 4098 30
148 4060 178 4109 p.
189 4045 344 4097 427-448.
399 4045 427 4107 4)
437 4042 469 4095 L.
483 4043 628 4108 Ducbesuc,
644 4043 771 4094 ‘Bullatiu
783 4043 903 4109 critique’
913 4047 990 4110 1893,
1000 4061 1030 4110 p.
1040 4045 1111 4105 456;
1125 4043 1156 4096 G.
1166 4043 1270 4107 Kurtle,

153 4114 269 4179 ‘Cloois’‚
294 4113 413 4165 Parisiis
437 4115 514 4177 1901,
538 4113 578 4178 H,
603 4131 630 4180 p.
650 4116 711 4168 268.
730 4112 812 4175 28οἵΙ
836 4109 898 4164 item
915 4115 1060 4167 Demaisou
1084 4114 1119 4167 ib.
1140 4130 1171 4179 p.
1191 4116 1243 4166 290
1252 4113 1272 4179 ²5

152 4184 183 4238 F.
205 4185 325 4249 Jubaru,
346 4185 441 4236 ‘Cloois
466 4185 568 4234 a-t-il
592 4183 631 4236 til
650 4183 753 4251 baptist
775 4184 935 4238 dlieimsi'
953 4191 978 4238 et
994 4185 1031 4238 H.
1053 4184 1155 4248 Gaeroa
1175 4184 1272 4235 ‘Oloris

152 4255 259 4320 d’apris
284 4271 331 4307 sou
356 4256 450 4307 uouoel
470 4255 608 4306 historicu'
634 4255 702 4319 (scil.
730 4256 762 4310 G.
789 4256 896 4317 Kurtb)
921 4259 951 4307 iu
977 4257 1086 4307 ‘Etudes
1110 4255 1269 4320 relioieuscs,

149 4326 374 4392 philosophicum,
394 4326 554 4392 historiques
572 4332 596 4377 et
613 4326 759 4378 litttraires
773 4326 848 4393 publ.
862 4343 921 4393 par
937 4328 981 4378 des
999 4325 1080 4377 Piros
1098 4327 1129 4376 de
1148 4327 1176 4376 la
1195 4326 1271 4377 Com-

107 4411 133 4451 33
148 4400 250 4461 paauic
267 4398 298 4448 dc
315 4396 415 4463 Jisus',
434 4396 554 4448 Parisiis
573 4399 651 4461 1896,
670 4403 730 4456 tom,
749 4397 805 4448 LX
809 4398 871 4463 VII,
888 4415 916 4463 p.
931 4400 992 4451 295.
1011 4404 1034 4448 et
1050 4415 1077 4464 p.
1091 4398 1152 4451 365.
