2978 4928
358 424 484 494 IONAS,
498 425 618 482 VITAE
637 425 864 482 COLUMBANI
883 427 992 483 LIBRI
1009 427 1048 484 ΙΙ.
1229 430 1264 486 m

142 608 297 688 fessionis
319 615 455 674 secretae
476 608 513 672 iu
536 608 666 674 ecclesia
682 608 871 674 continentis
886 609 1042 675 cutbolica
1057 611 1232 676 celebratur
1241 612 1263 676 ¹.

142 697 306 764 Doctrina
328 697 396 762 cius
418 697 455 762 in
470 697 603 762 concilio
620 696 835 762 Cabillonensi
850 719 881 761 a.
899 703 974 761 650.
995 698 1135 779 primum
1152 707 1264 765 sancta
1310 717 1313 722 ’

143 792 201 868 cst,
237 785 391 868 episcopis
425 784 702 868 consentientibus,
735 785 969 868 poenitentium
999 793 1201 868 peccatorum
1235 795 1266 854 ct

143 875 289 941 omnibns
318 874 426 940 utilem
452 895 518 940 esse
547 880 576 939 ct
599 877 676 940 data
699 874 895 954 confessione
924 896 945 938 u
972 875 1187 941 sacerdotibus
1215 877 1263 942 in·

110 987 125 1030 s
143 963 311 1030 dicendam
321 966 343 1026 ².
383 962 557 1029 Monacbis
573 984 693 1045 quoque
711 964 779 1029 suis
795 964 1022 1045 confessionem
1040 971 1134 1046 atque
1149 966 1264 1048 pacni-

142 1052 276 1118 tentiam
304 1052 414 1135 primo
448 1053 512 1116 loco
547 1051 696 1133 imposuit
728 1052 872 1133 aliosque
904 1054 944 1118 ab
974 1052 1020 1118 eis
1053 1054 1134 1135 lepos
1163 1056 1264 1120 obser·

142 1141 216 1206 cari
244 1140 352 1222 voluit,
384 1161 464 1223 quas
493 1162 532 1205 cn
561 1140 663 1222 ipsius
685 1142 796 1224 reputa
819 1141 923 1224 collipl
946 1141 1036 1223 licet,·
1057 1143 1264 1223 peccantibus

141 1250 215 1296 uero
237 1231 286 1295 uel
306 1229 415 1294 leodcr
427 1229 638 1312 pravissimas
653 1251 777 1311 poenas
792 1230 962 1296 constituit.
1001 1231 1166 1313 Repulam,
1183 1247 1276 1316 picae·¹

143 1318 334 1384 coenobialis
357 1340 378 1382 a
402 1318 574 1401 bioprapbo
589 1318 757 1384 Desiderii
778 1317 990 1385 Cadurccnsis
1012 1319 1080 1384 iam
1103 1321 1264 1402 appellata

96 1432 124 1473 io
142 1409 219 1489 est³,
243 1408 346 1472 lonas
368 1407 435 1490 ipsc
458 1413 488 1472 ct
509 1406 619 1472 citauit
640 1414 670 1471 ct
694 1407 868 1489 cupilaoit4
891 1414 983 1489 atque
1009 1410 1047 1474 de
1077 1410 1265 1476 anctoritate

142 1503 173 1562 et
193 1498 257 1577 tide
279 1495 382 1579 ipsius
405 1497 593 1561 luculentum
616 1496 828 1561 testimonium
851 1499 985 1578 praebet
1006 1500 1044 1562 de
1074 1519 1134 1579 quo
1163 1519 1264 1580 supra

142 1584 214 1650 dini
240 1585 391 1650 Donatus
420 1585 583 1668 episcopus
607 1585 874 1650 Vesontioncnsis.
926 1585 1005 1651 Cum
1035 1586 1120 1650 cuim
1148 1594 1263 1669 ropatu

147 1674 386 1740 Gautbstrudae
417 1673 578 1755 omnisque
609 1674 861 1756 concinnationis
895 1675 1081 1740 monasterii
1111 1698 1132 1740 u
1160 1683 1263 1742 matre

143 1762 272 1845 conditi,
297 1761 470 1844 cuplorotis
485 1761 605 1844 copulis
620 1762 848 1844 uetustioribus,
865 1763 1068 1829 enchiridion
1083 1764 1263 1846 oirpinibus

96 1874 124 1915 ni
143 1858 251 1933 aptum
275 1858 478 1934 componeret,
497 1858 628 1932 praeter
651 1853 779 1933 repulus
806 1850 955 1917 Caesarii
976 1852 1139 1934 oirpinum
1168 1859 1262 1934 utque

142 1939 311 2006 Benedicti
345 1941 569 2006 monachornm
603 1941 687 2005 banc
720 1940 824 2021 ipsam
860 1940 1047 2006 Columbuui
1076 1942 1260 2023 cucmpsit⁵,

142 2029 224 2095 sicut
245 2029 281 2094 in
304 2029 511 2111 praefatione
539 2035 668 2094 testatus
697 2034 750 2110 cst,
782 2034 985 2110 eucerptaque
1015 2050 1085 2093 cum
1113 2050 1152 2093 ea
1181 2049 1262 2109 qnae

142 2124 282 2200 superest
310 2117 359 2182 ita
388 2118 539 2198 conuenit,
570 2124 606 2182 ut
634 2123 734 2182 tentus
764 2118 808 2181 ud
836 2116 927 2182 illam
956 2117 1068 2198 optimc
1097 2117 1262 2182 emendari

135 2207 248 2289 possit.
305 2207 464 2273 Monocbi
497 2206 580 2271 nibil
608 2206 777 2288 propriam
806 2205 1011 2286 possidebunt
1040 2227 1079 2270 nc
1109 2205 1262 2272 minimas

96 2317 125 2360 nc
142 2295 268 2376 quidem
290 2317 350 2378 rcs,
375 2298 430 2360 sed
452 2295 596 2361 omnibns
612 2295 720 2360 omnia
740 2294 918 2360 communio
936 2295 1059 2359 crant⁶.
1098 2293 1262 2375 Confessio

142 2384 190 2449 bis
215 2383 383 2449 minimum
413 2387 522 2450 dando
545 2392 614 2450 erut
636 2390 665 2449 et
693 2390 766 2449 unte
792 2404 933 2448 mensam
959 2390 1088 2449 stante
1114 2385 1262 2450 lectorum

142 2473 273 2539 aditum.
324 2474 380 2537 Ad
410 2494 552 2538 mensam
586 2473 829 2538 benedictionem
863 2472 1078 2538 custodiebant
1110 2494 1262 2556 omenque

140 2563 372 2646 respondebant
393 2583 492 2643 neque
513 2583 586 2626 uero
609 2562 693 2626 inter
708 2583 741 2626 se
756 2562 970 2645 loquebantur.
1014 2562 1181 2628 Cocllcori
1196 2583 1262 2628 non

140 2653 318 2732 utebantur,
342 2650 410 2716 uisi
432 2653 516 2732 quod
537 2657 611 2715 onte
632 2650 849 2750 sipnoocrant,
869 2673 968 2732 neque
984 2652 1105 2716 cultello
1120 2673 1261 2716 mensam

96 2741 636 2910 ”tdldellttllllbtt
645 2741 945 2894 cllltditl
958 2761 1261 2911 tllttltltl

141 2918 243 2999 batur,
267 2916 289 2981 i.
308 2939 333 2981 e.
358 2917 452 2982 tertia
468 2917 704 2999 pomeridiana,
724 2923 798 2998 post
812 2938 908 2998 quom
931 2917 1014 2982 nulli
1036 2917 1074 2982 in
1092 2917 1273 2998 coquinam

139 3005 188 3070 irc
212 3006 333 3071 licebat.
379 3006 467 3071 (bora
490 3006 641 3087 coquendi
664 3007 712 3070 oct
731 3005 942 3070 ministrandi
960 3005 1119 3084 fratribus
1137 3005 1260 3085 quibus·

141 3096 215 3159 dam
230 3095 397 3160 cmnmisso
412 3101 482 3159 orat
492 3094 739 3175 prouidentibus,
757 3114 797 3157 ne
811 3094 859 3157 oet
868 3093 1037 3174 paululum
1052 3092 1258 3171 effunderent.

96 3207 123 3247 so
145 3183 327 3248 Orationem
350 3190 424 3248 onte
447 3204 525 3264 opus
547 3189 666 3264 etpost
688 3202 765 3263 opus
781 3181 1000 3262 perficiebant.
1040 3182 1094 3245 Ea
1110 3182 1147 3245 cle
1162 3201 1261 3246 causa

141 3271 332 3354 epredientes
355 3273 453 3353 domo,
477 3273 500 3336 i.
520 3293 545 3336 e.
570 3272 682 3336 cellula
693 3271 712 3353 ⁷,
737 3275 793 3334 cut
815 3290 850 3334 eo
873 3269 1083 3352 reprodientes
1105 3291 1137 3334 se
1160 3270 1260 3335 lumi-

142 3483 168 3548 1)
197 3481 240 3545 Cf.
258 3481 375 3549 Lininp,
403 3480 616 3533 ‘Kircbcnreclit'
633 3481 673 3546 ΙΙ,
696 3497 724 3548 p.
741 3483 792 3535 471
806 3495 882 3547 sqq.;
910 3479 1017 3547 chclc,
1045 3479 1260 3546 ‘Kircbmpcscln

140 3553 343 3605 Deutscblonds’
357 3554 380 3620 I,
396 3569 426 3619 p.
439 3551 525 3619 275³;
544 3555 578 3608 A.
595 3551 733 3618 Malnmp,
754 3551 824 3615 Quid
841 3552 1020 3606 bononienses
1037 3552 1163 3604 monachi
1179 3553 1260 3604 disci·

138 3625 199 3691 puii
216 3624 244 3677 S.
258 3624 418 3676 Columbini
436 3625 471 3675 ad
489 3624 610 3689 rcpulcm
621 3626 844 3676 monasteriorum
860 3629 939 3690 atum
956 3623 993 3675 cd
1009 3638 1169 3676 communem
1186 3623 1260 3675 ecclc=

96 3707 122 3748 uo
140 3697 195 3746 siue
218 3696 371 3761 profectum
396 3696 563 3760 contulerint,
589 3694 710 3746 Parisiis
737 3696 814 3761 1894,
839 3713 865 3762 p.
886 3697 929 3750 62.
1019 3696 1047 3760 2)
1076 3694 1196 3745 Concilio
1220 3695 1259 3748 ed.

140 3765 268 3817 Mnassen
293 3767 404 3828 1‚210;
432 3767 560 3831 Laeuina
587 3765 794 3818 ‘Kirclenrccbt'
813 3766 853 3832 ΙΙ,
873 3768 934 3820 476.
1024 3767 1052 3830 3)
1074 3765 1105 3818 V.
1125 3765 1262 3816 Desiderii

142 3837 255 3890 Cadurc.
275 3852 296 3892 c.
309 3840 357 3891 23:
385 3835 483 3888 Nullus
495 3868 531 3874 —
544 3836 670 3888 habitum
688 3836 828 3904 religionis
847 3840 893 3888 aut
911 3835 1022 3904 regulae
1042 3834 1189 3887 cenobiali·
1207 3834 1260 3888 iter

140 3907 305 3975 intraverat3
331 3911 404 3959 secta
423 3906 585 3960 Columbini
603 3908 699 3974 procul
726 3907 846 3973 aberant,
873 3905 998 3958 instituta
1015 3904 1159 3958 Benedicti
1177 3905 1260 3974 longe

141 3977 286 4033 distabant.
377 3978 404 4046 4)
428 3979 544 4044 Repulae
569 3981 598 4028 in
621 3980 650 4032 V.
671 3977 788 4032 Columb.
807 3978 831 4042 I,
852 3980 894 4044 10,
922 3979 1057 4028 meminit:
1081 3976 1260 4044 regulamque

95 4064 122 4103 ιο
140 4065 223 4116 quam
241 4053 368 4102 tenerent
387 4047 492 4116 Spiritu
511 4051 604 4100 sancio
622 4048 744 4116 repletus
762 4047 899 4114 condedit,
926 4051 1064 4115 ipsamque
1081 4048 1189 4098 cundem
1207 4063 1261 4100 essc

73 4162 75 4166 .
140 4136 220 4187 quam
239 4120 364 4172 labemus
382 4135 441 4170 cum
461 4136 493 4171 cn
512 4120 542 4172 V.
563 4119 677 4173 Columb.
695 4120 718 4183 Ι,
735 4122 759 4174 5.
781 4121 822 4185 16,
847 4125 904 4170 tum
929 4134 962 4171 en
987 4120 1023 4171 iis
1046 4119 1167 4171 concludi
1192 4120 1265 4185 ticet,.

140 4207 207 4258 quac
225 4194 366 4258 Aprcstius
384 4191 418 4245 ib.
437 4190 476 4255 ΙΙ,
489 4193 514 4255 9,
540 4197 633 4242 contra
654 4191 811 4242 Columbani
834 4191 955 4255 reputant
981 4191 1070 4243 obiecit
1089 4205 1206 4256 quaeque
1223 4190 1260 4240 cd

139 4262 261 4328 reputem
280 4262 451 4314 coenobialem
469 4279 489 4315 c.
505 4266 528 4316 1.
547 4265 571 4316 3.
591 4267 715 4328 spectent.
806 4260 833 4328 b)
862 4261 931 4324 Quos
956 4263 986 4312 in
1004 4277 1158 4326 unoquoque
1175 4261 1260 4326 capite

140 4334 264 4384 Donatus
275 4335 439 4399 .eocpiluoerit
457 4334 552 4397 fontes,
570 4334 771 4399 ditipentissime
789 4334 956 4396 inoestipaoit
969 4332 1098 4397 Cointius,
1116 4331 1188 4387 Anu,
1202 4331 1258 4383 cccl.

95 4418 122 4458 to
141 4405 241 4458 Frcnc.
261 4405 300 4467 ΙΙ,
315 4422 344 4472 p.
359 4407 411 4459 758
420 4421 475 4470 sqq.
549 4406 576 4470 6)
594 4405 622 4459 V.
643 4403 757 4456 Columb.
774 4403 836 4466 Ι,5.
910 4404 936 4468 7)
959 4402 999 4454 Io.
1018 4403 1058 4468 ΙΙ,
1073 4405 1098 4456 9.
