2978 4928
365 370 491 439 lONAS,
503 370 626 424 VITAE
645 369 874 426 GOLUMBANI
891 369 999 425 LIBRI
1016 370 1056 426 H.
1234 374 1269 427 57

152 561 187 620 ut
210 563 316 631 tacere
338 574 404 618 non
421 552 551 634 possim,
575 552 654 634 quin
677 551 777 617 eidem
795 551 919 617 auctori
940 558 969 617 et
986 552 1069 617 illud
1086 551 1268 617 attribuam.

158 641 235 709 Oum
259 641 392 724 denique
414 641 451 706 in
474 641 564 705 tertio
582 641 711 705 uirtutes
729 641 776 705 ita
796 646 1026 721 enumerentur,
1050 640 1133 705 sicut
1150 640 1185 705 in
1203 640 1270 706 rita

152 731 224 813 ipsa
247 732 365 796 relatae
388 737 470 810 snut,
501 736 642 810 nonest,
674 751 731 794 cur
754 728 1004 811 praescriptioni
1032 728 1131 792 unius
1153 728 1270 794 codicis

151 815 186 884 B
201 822 237 884 lb
268 818 466 900 diffidamus,
496 818 615 883 scilicet
642 840 712 883 eom
741 817 977 882 transmittendi
1005 817 1106 897 fuisse
1129 839 1267 898 causam,

114 929 127 970 s
152 910 236 992 quod
256 908 293 973 in
309 908 517 990 praecedente
541 913 651 972 auctor
673 928 728 972 eos
744 905 972 988 praeteriisset.

259 1014 369 1080 Sermo
385 1015 487 1078 Ionae
502 1016 652 1094 quomodo
668 1034 706 1077 eu
721 1013 880 1078 uocabulis
896 1012 1091 1093 floribusque
1106 1019 1269 1078 auctorum

152 1102 354 1168 classicorum
373 1102 559 1184 compositus
574 1102 624 1182 sit,
644 1102 710 1167 alio
726 1103 790 1166 loco
805 1102 965 1183 euposuil.
1003 1101 1115 1166 Etiam
1135 1101 1269 1167 Graecis

151 1191 310 1257 uocabulis
346 1190 510 1255 nonnullis
546 1192 691 1255 utebatur
726 1186 767 1269 (e.
798 1210 848 1272 qr.
883 1192 1012 1275 agapis,
1050 1190 1196 1271 reuma),
1234 1196 1270 1255 nt

151 1301 243 1345 mam
258 1300 353 1361 quam
368 1301 492 1361 operose
507 1286 619 1344 nactus
634 1286 704 1344 erat
718 1285 887 1344 ostentaret
899 1279 1064 1344 scientiam
1080 1279 1267 1343 litterarum.

107 1391 134 1431 ro
152 1368 198 1432 In
217 1368 438 1451 qrammoticis
460 1375 565 1433 autem
585 1389 705 1449 porum
728 1368 915 1433 exercitatus
937 1374 1014 1447 erat,
1039 1368 1163 1449 ipseque
1186 1368 1269 1433 uitae

152 1457 375 1522 describendae
397 1457 552 1537 imparem
575 1478 608 1521 ce
630 1456 667 1520 in
696 1456 831 1538 epistula
854 1456 993 1538 praeuia
1023 1457 1184 1536 confessus
1213 1456 1268 1520 im-

144 1545 300 1627 peritiam
337 1545 453 1627 eloquii
490 1545 541 1610 sui
578 1545 739 1610 excusauit
775 1566 873 1626 neque
909 1545 1076 1610 ‘doctorum
1109 1546 1269 1627 qressibus

152 1635 330 1716 coaequari
353 1634 459 1715 noluit,
491 1634 558 1699 nisi
585 1634 668 1713 forte
698 1635 757 1698 loe
780 1633 924 1715 aliaeque
946 1633 1116 1699 molestiae
1138 1641 1268 1699 ostento-

151 1721 251 1787 tiones
274 1723 383 1804 potius
405 1724 580 1788 collaudes
603 1723 790 1788 excitandos
811 1723 1000 1803 spectabant.
1047 1724 1122 1787 Iam
1145 1744 1268 1788 consue-

10 1852 18 1874 .
107 1839 133 1880 rs
151 1810 273 1876 tudinis
302 1833 397 1893 qnam
426 1812 559 1877 babebat
586 1811 746 1876 scribendi
774 1812 914 1892 ercempla
936 1812 1091 1876 nonnullo
1114 1811 1269 1890 afferam:

196 1899 373 1965 octionm
389 1907 479 1981 part.
502 1900 608 1980 futuri
630 1901 695 1964 loco
712 1899 838 1981 paesici
854 1899 989 1981 possim,

196 2009 316 2054 casus
338 2010 403 2054 uon
425 1996 505 2055 recte
527 1988 673 2069 adhibiti,
697 1988 815 2054 scilicet

269 2099 333 2144 acc.
364 2079 428 2143 loco
462 2080 526 2142 dut.
555 2084 631 2160 post
664 2079 854 2153 detrahere,
884 2079 1062 2162 imperare,
1094 2078 1265 2156 oboedire,

366 2169 568 2250 persolvere,
593 2169 746 2243 suadere,
771 2167 972 2243 valedicere,

106 2279 134 2319 so
269 2256 334 2320 dot.
365 2256 429 2320 loco
451 2277 566 2338 praep.
590 2257 633 2321 ab
658 2261 732 2337 post
753 2257 948 2340 impetrare,
979 2276 1128 2340 poscere,
1152 2259 1266 2339 postu-

364 2346 446 2422 lare,
471 2346 612 2428 precari,

263 2454 333 2514 qen.
364 2434 429 2498 loco
453 2434 513 2498 obl.
531 2440 607 2517 post
630 2434 750 2509 ditare,
775 2435 918 2518 privare,

262 2543 333 2603 qen.
364 2522 429 2586 loco
452 2524 516 2587 cut.
540 2528 614 2602 post
636 2527 765 2606 gratus,
796 2523 1007 2606 incongruus
1034 2528 1063 2586 et
1084 2529 1158 2603 post
1185 2525 1266 2588 adu·

363 2633 456 2686 nare,
478 2614 726 2687 commendare,
746 2612 904 2688 inserere,
921 2611 1073 2695 iungere,
1091 2612 1264 2695 praebere,

364 2703 534 2783 prodesse,
559 2701 744 2777 subiacere,

195 2788 351 2869 aoniuq.
376 2794 407 2851 3.
424 2809 534 2869 praes.
554 2795 613 2853 act.
632 2809 694 2869 per
712 2793 796 2854 ent:
817 2790 993 2865 accedent,
1014 2789 1117 2866 cient,
1136 2794 1266 2854 annent

311 2873 370 2955 (=
382 2875 554 2959 annuunt),
572 2878 778 2961 conpellent,
792 2878 919 2954 dicent,
936 2877 1098 2951 incolent,
1113 2883 1264 2962 poscent,

310 2970 545 3051 prorumpent,
565 2965 708 3046 aliaeque
726 2965 970 3046 inaequalitates
988 2967 1123 3030 deserto
1143 2961 1201 3042 (=
1218 2967 1266 3030 de·

310 3054 400 3138 loto),
424 3055 677 3119 meminisceret
704 3060 733 3118 et
761 3053 905 3135 imperat.
936 3054 1179 3129 meminiscere,
1209 3055 1265 3119 ob·

311 3146 445 3220 stasset,
469 3145 658 3218 recollexit‚
684 3148 793 3222 cetera,

195 3231 520 3296 constructionis
554 3234 599 3297 ad
635 3252 760 3295 sensnm
794 3250 1055 3310 numerorumque
1093 3229 1265 3312 imparium

309 3341 385 3384 usus
407 3320 565 3402 frequens,
940 3393 946 3404 ⁸

194 3407 290 3473 decl.
312 3414 342 3470 4.
366 3410 430 3473 dat.
454 3409 537 3491 sinq.
562 3431 602 3472 -u
625 3429 711 3473 more
733 3407 882 3489 antiquo:
907 3429 1008 3485 nexu,
1037 3413 1150 3492 portu,
1177 3411 1264 3486 sinu,

309 3496 553 3562 indeclinabilia
591 3499 643 3562 sol
682 3493 724 3575 (e.
756 3519 805 3579 qr.
842 3498 892 3562 sol
927 3495 1179 3578 occumbente),
1214 3500 1266 3561 vir

310 3583 369 3665 (=
393 3585 466 3666 oiri,
490 3585 604 3667 uirum,
629 3608 649 3650 a
672 3585 768 3668 uiro),

192 3694 344 3754 ponera
361 3674 487 3755 passim
509 3675 595 3739 inter
617 3696 649 3740 se
666 3680 849 3756 permutata

314 3778 341 3863 1)
365 3802 461 3845 masc.
473 3782 639 3862 profem:
655 3783 846 3865 aegritudo,
860 3782 970 3859 arbor,
984 3783 1115 3858 cohors,
1130 3801 1264 3865 conpos,

363 3867 554 3950 (meremus,
583 3872 689 3947 froco,
721 3890 815 3952 gens,
846 3871 951 3947 natio,
983 3890 1054 3953 ops,
1085 3871 1192 3935 sclivo
1218 3868 1267 3932 uel

362 3959 473 4023 salibo
496 3959 557 4022 abl.
583 3956 642 4038 (=
665 3958 796 4040 solino),
821 3960 979 4040 synodus,
1004 3959 1110 4035 trabs,
1135 3958 1227 4034 villa,

310 4061 341 4145 2)
364 4085 460 4128 masc.
478 4072 681 4145 prouentu:
704 4065 903 4140 curriculus,
928 4065 1072 4141 furtum,
1094 4064 1265 4148 legumen·

362 4157 447 4230 tum,
465 4154 592 4230 lumen,
606 4154 821 4236 margaritus,
839 4153 992 4230 meritus,
1009 4153 1263 4226 monasterium,

151 4343 177 4410 1)
197 4343 295 4401 ‘niun
314 4344 359 4396 ue
376 4344 503 4396 suarem
520 4345 571 4408 sur
589 4343 737 4398 summu.
758 4343 1018 4409 certaturum)
1034 4342 1114 4408 xor,
1125 4343 1187 4396 437.
