2978 4928
209 444 263 498 298
451 437 577 507 IONAS,
591 438 687 493 VITA
701 438 887 494 vquSTIs
904 438 1088 494 EPISOOPI.

209 624 426 702 subsequatur.
478 622 593 686 Teutus
621 643 717 703 quam
745 621 882 686 mauime
915 627 1105 686 retractatus
1139 621 1330 702 erempbam's

209 709 327 775 sr'mr'br's
350 709 412 774 Bl
436 707 476 789 (e.
495 717 525 773 6.
543 706 685 795 merore]
704 712 901 776 memoriter
916 709 950 774 B
962 717 1022 790 3a;
1045 731 1230 775 memorem
1246 709 1281 774 B
1296 709 1327 791 l)

211 799 315 864 adbuc
343 799 476 881 uestr‘qr‘a
505 799 650 879 seruauit,
683 802 739 864 sect
761 806 931 880 praeterea
961 799 1057 863 ettam
1085 799 1233 878 familiae
1262 800 1327 863 As

211 888 357 953 beetu'oues
380 887 499 969 aliquot
527 887 563 952 r'u
585 888 654 969 r'pso
678 888 818 954 discerni
847 888 926 953 biset.
980 889 1056 953 Vua
1086 893 1215 952 eaeuute
1244 888 1329 952 loeus

211 979 256 1042 ad
277 976 381 1042 saustr'
398 976 543 1057 patriam
565 984 709 1058 speetaus
730 977 779 1042 ita
800 976 986 1041 immutatus
1002 983 1054 1057 est,
1078 983 1114 1040 ut
1130 997 1193 1057 pro
1216 975 1363 1058 oppidos

214 1065 357 1131 Tubleusi
372 1065 554 1146 Aquitam‘a
572 1065 740 1131 substituta
757 1065 808 1130 sit.
843 1066 942 1130 Huua
960 1065 1064 1147 ipsum
1079 1065 1160 1129 atter
1175 1064 1330 1129 librarius

211 1161 389 1220 retraetaus
413 1153 522 1218 ‘album
546 1155 723 1236 proboqum'
747 1153 819 1235 (fob.
844 1153 903 1235 45)
928 1154 1108 1238 composuit,
1139 1153 1194 1234 qur'
1222 1153 1330 1236 primo

211 1243 346 1309 Abaur'm'
370 1244 536 1324 proboqum
566 1246 610 1308 ad
639 1244 804 1308 Radouem
834 1243 1087 1324 subsequebatur,
1123 1243 1220 1307 douee
1249 1242 1330 1306 bibra
1423 1268 1425 1273 >

211 1333 314 1397 Iouae
340 1333 460 1397 iuserto
486 1333 562 1396 ordo
589 1352 697 1396 rerum
718 1331 915 1414 buterruptus
937 1338 991 1396 est.
1035 1330 1208 1412 Opim'oues
1231 1330 1331 1395 diver·

211 1443 267 1486 sas
295 1441 395 1485 uerus
428 1420 636 1501 interpolator
662 1421 710 1485 r'ta
738 1421 824 1485 buter
853 1443 886 1485 se
916 1419 1108 1499 eoueitr'am't,
1146 1425 1182 1483 ut
1211 1420 1331 1484 Leucas
1350 1445 1380 1484 ιο

212 1516 308 1575 autea
335 1509 459 1591 iquotos
487 1516 636 1575 statueret
664 1509 864 1590 Aquitaru'ae
891 1516 1021 1591 qeutem.
1075 1509 1175 1573 Huua
1208 1510 1331 1572 demum

205 1599 374 1680 proboqum
403 1604 504 1662 teutus
533 1598 752 1663 Abeur'ur'auus
783 1602 935 1679 (praescr.
968 1599 1098 1682 Incipit
1131 1599 1203 1662 vita
1237 1598 1331 1661 beati

212 1687 356 1752 Vedasbi
387 1688 538 1771 episcopi
562 1686 817 1768 Atrebatensis)
843 1687 960 1769 exeipit
988 1685 1059 1767 (fot.
1085 1685 1257 1769 45—48‘)
1289 1687 1334 1750 aab

213 1776 343 1841 classem
371 1774 431 1841 02
455 1775 630 1857 pertimeas,
660 1778 717 1840 sed
744 1776 822 1855 sotio
852 1776 937 1840 iuter
959 1781 1012 1838 46.
1037 1782 1066 1840 et
1088 1781 1141 1838 47.
1173 1774 1332 1856 deperdito

213 1885 238 1930 a.
265 1870 294 1927 6.
330 1863 368 1945 (6
401 1864 506 1929 uerbis
531 1860 768 1947 6666166666
795 1865 999 1947 muliorum)
1031 1866 1076 1930 ad
1103 1885 1129 1930 e.
1155 1870 1184 1928 8.
1216 1863 1379 1928 deside-1⁵

212 1959 349 2034 rautur,·
378 1960 443 2018 tum
465 1953 590 2034 reb'qua
612 1955 650 2018 de
672 1954 729 2018 bae
751 1959 861 2018 sauata
883 1960 1056 2034 sequautur
1077 1953 1200 2037 seriptta
1224 1975 1245 2017 a
1261 1953 1299 2032 pb
1322 1987 1332 1996 -

212 2041 303 2106 ribus
324 2042 516 2107 auctoribus.

106 2153 196 2202 *666
323 2129 433 2213 *Bou
462 2131 567 2197 Codex
588 2131 881 2196 Atrebateusr's
904 2153 936 2196 u.
957 2137 1020 2194 869
1046 2130 1158 2212 (autea
1186 2151 1217 2194 6.
1240 2127 1330 2209 380),

215 2240 296 2284 saea.
318 2220 379 2284 XI
383 2222 420 2299 V,
452 2221 527 2285 6666
557 2219 758 2285 bibliothecae
787 2219 975 2285 monasterti
998 2220 1032 2284 S.
1059 2218 1205 2284 Vedastr's
1227 2217 1333 2298 ibique

215 2308 360 2390 sequutus
382 2310 419 2374 F
435 2310 505 2389 141,
536 2309 610 2374 item
632 2311 800 2392 proboqum
822 2309 912 2373 r'tlum
936 2309 1069 2373 atterum
1093 2306 1236 2388 soutiuet,
1267 2307 1331 2371 r'ue.
1352 2334 1382 2373 20

215 2399 404 2481 Aquitania
426 2402 591 2462 montem.

322 2487 426 2551 Locus
455 2488 500 2550 ab
527 2485 681 2568 oriqu'uem
715 2487 971 2568 sepulchrumque
1000 2484 1147 2551 Vadastr's
1177 2492 1331 2569 speetaus,

214 2575 270 2656 qur‘
293 2575 329 2640 66
352 2575 435 2639 sabee
457 2575 652 2640 reeeusr'om's
674 2575 708 2640 B
731 2575 853 2656 beqitur,
878 2598 900 2640 a
921 2575 1026 2639 uerbis
1042 2574 1261 2656 praefationis
1283 2595 1332 2638 ea·

215 2664 359 2744 orditur,
382 2685 420 2728 ea
443 2669 547 2727 autem
570 2669 635 2727 tam
657 2666 739 2729 male
755 2663 908 2745 disposita
923 2664 1053 2744 exbibet,
1077 2669 1113 2726 ut
1128 2663 1332 2745 expilatorem

214 2774 253 2818 ea
275 2774 355 2834 quae
378 2751 531 2833 eupibam't
552 2752 683 2816 miur'me
705 2752 895 2818 r'utettem'sse
917 2752 1123 2831 mauifestum
1147 2752 1206 2816 sr't:
1351 2777 1381 2816 6

330 2858 499 2938 Praefatio
524 2855 565 2936 (a.
586 2859 630 2941 l).
897 2859 931 2924 B
953 2859 990 2924 r'u
1012 2861 1079 2939 siue
1103 2855 1143 2937 (a.
1164 2860 1232 2942 10).

257 2966 457 3031 Vedasti-
474 2967 673 3030 memoriam
690 2988 745 3050 po·
844 2967 944 3044 Nam,
970 2968 1060 3031 sieut
1084 2966 1241 3049 superius
1265 2987 1331 3029 me·

214 3057 314 3120 eteris
339 3057 577 3120 commendare
604 3059 745 3119 rabum
800 3058 1017 3132 moravimus,
1042 3059 1098 3132 ui,
1124 3055 1235 3118 unde
1257 3056 1331 3118 ori·

214 3146 425 3222 ducimus,
450 3148 506 3222 ub,
531 3145 644 3208 unde
668 3146 745 3209 ori·
800 3146 942 3227 ginem
967 3145 1155 3220 duxerit,
1189 3146 1330 3207 rabum

214 3235 356 3316 giuem
376 3235 563 3310 duxerit,
589 3235 643 3298 vel
663 3255 744 3298 sane
801 3234 1006 3308 ducimus,
1031 3233 1185 3296 Tullinse
1217 3235 1330 3296 orbum
1350 3255 1380 3294 eo

214 3323 305 3386 vitae
363 3344 498 3387 cursum
555 3325 743 3408 peregerit,
800 3343 926 3406 genere
949 3323 1116 3386 oriundus
1139 3322 1219 3384 fuit.

214 3431 384 3493 quamque
424 3413 526 3475 finem
567 3413 743 3488 habuerit,

215 3501 375 3581 prosequi
404 3502 597 3564 etudiomus
620 3502 743 3565 verbis,

320 3604 440 3668 Eodem
469 3609 559 3669 morto
587 3606 624 3670 r'u
648 3612 708 3670 toto
732 3605 946 3670 additameuto
969 3603 1025 3668 uto
1049 3611 1206 3670 auctorem
1227 3624 1331 3685 qram-

213 3691 331 3756 matr'ea
355 3693 499 3774 deseruit,
533 3716 631 3775 ueque
660 3693 843 3759 eboeutr'om's
865 3693 968 3758 Iouae
991 3693 1146 3775 propriae
1167 3691 1331 3773 uestr'qr'um
1351 3716 1379 3755 6

213 3780 281 3845 66666
311 3787 453 3861 apparet.
499 3783 554 3846 Ea
588 3804 668 3863 quae
697 3790 866 3864 praeterea
895 3783 996 3863 ptura
1026 3783 1147 3846 exbibet
1168 3781 1202 3844 B
1224 3787 1330 3844 utrum

214 3869 405 3950 iuterpoluta
428 3891 472 3933 au
491 3870 723 3952 praetermissa
746 3871 819 3952 siut,
838 3892 958 3952 parum
982 3870 1096 3952 liquet:

276 3997 302 4042 6.
323 3983 350 4042 1.
375 3977 416 4038 in
441 3978 575 4059 magnis
599 3999 639 4042 ao
665 3972 718 4061 [in
742 3980 816 4042 adel·
840 3977 874 4040 B
911 3979 1071 4054 minimis,

276 4087 302 4130 e.
320 4069 350 4127 7.
375 4065 553 4129 adtonitus
579 4061 712 4149 [beatus
737 4068 810 4130 aaa.
834 4066 891 4142 Β,

272 4154 315 4219 r'b.
375 4152 440 4218 Oui
466 4149 562 4234 [Oum
578 4150 620 4236 B]
645 4156 862 4219 venerandus
885 4157 937 4220 vir
952 4156 1133 4232 Vedasbus,
1161 4151 1229 4237 [qui
1249 4156 1331 4218 dum
1348 4177 1378 4216 ro

216 4345 242 4415 1)
272 4345 313 4410 Of.
340 4345 492 4410 ί0666669666
518 4342 628 4408 qtubrat
653 4346 698 4396 des
722 4361 785 4400 mss.
810 4347 856 4397 des
883 4345 1069 4412 bibliotheques
1092 4346 1169 4412 pubi.
1194 4347 1239 4397 des
1263 4344 1331 4410 dep?

214 4432 267 4472 ser.
284 4417 310 4484 I,
330 4424 390 4470 tam.
410 4416 463 4482 IV,
479 4417 585 4482 pera.
