2978 4928
152 377 187 432 52
353 369 490 439 ιΙΟΝΑΒ,
502 367 624 423 VITAE
643 367 870 424 COLUMBANI
889 366 997 423 LIBRI
1014 368 1054 425 H.

152 561 280 621 sauctus
294 552 498 634 requieverat,
515 550 779 616 commemorandi
794 557 876 631 sunt,
893 549 1013 616 scilicet
1031 550 1270 633 Obaanoaldus,

152 642 412 723 Buraundofaro
433 647 463 705 el
483 640 553 704 sine
575 639 670 704 dubio
692 638 959 720 Buraundofaro.
1005 640 1060 703 Ea
1088 639 1140 704 bis
1167 639 1272 723 Obau-

153 733 297 812 noaldus,
327 729 383 812 qui
409 727 557 793 minister
584 727 772 793 Columbini
800 728 837 793 in
867 727 966 793 locum
988 727 1177 794 Domoalis¹
1206 749 1273 794 cuc·

154 827 297 901 cesserat,
321 819 389 884 eius
412 816 678 883 conversationem
701 816 737 881 in
752 818 872 881 deserto
887 816 1104 882 Alamannico
1126 825 1274 899 eupertns

139 902 252 991 'erat²,
283 914 312 974 et
334 906 508 990 praecimus
530 925 611 986 quae
632 911 742 969 sancto
764 905 939 970 blanditiae
956 927 1017 987 per
1038 905 1199 970 animalia
1221 907 1305 971 sil-s

154 996 272 1063 cestria
294 995 451 1062 exhibitae
473 1000 583 1075 esseut,
607 993 709 1058 Ionae
732 994 855 1058 curioso
878 994 1074 1075 marrumss,
1103 1000 1274 1076 antoanam

156 1109 180 1153 c.
205 1109 235 1151 a.
254 1082 366 1168 632l3,
390 1089 531 1147 mortuus
552 1089 606 1147 est.

263 1174 377 1254 Itaque
396 1170 596 1253 bicorapbus,
620 1171 692 1236 licet
710 1170 936 1236 Columbanum
958 1172 1025 1253 iisse
1047 1192 1114 1237 non
1134 1170 1273 1253 uidisset,

156 1271 263 1328 tamen
291 1263 329 1326 de
354 1262 448 1326 rebus
470 1260 509 1322 ab
532 1280 567 1324 eo
589 1258 627 1323 in
654 1258 766 1324 Gallia
788 1259 950 1342 Italiaque
977 1259 1073 1343 acetis
1095 1280 1157 1342 per
1186 1266 1276 1326 testes

59 1409 61 1414 .
157 1352 296 1418 oculatos
325 1348 437 1430 optime
465 1347 639 1426 instructus
672 1369 737 1412 esse
763 1354 899 1429 poterat.
952 1349 1138 1430 Discipulos
1171 1355 1276 1414 autem
1294 1374 1320 1414 lo

158 1445 382 1518 sectatoresque
404 1435 517 1518 sanati,
542 1437 580 1500 de
601 1435 715 1517 quibus
736 1436 773 1500 in
796 1437 895 1501 altero
911 1437 993 1502 libro
1011 1437 1138 1519 rettulit,
1157 1438 1276 1520 pleros·

159 1549 218 1611 que
240 1547 304 1591 non
327 1527 427 1590 solum
448 1524 516 1606 ipse
537 1523 670 1605 uiderat,
693 1525 866 1600 sedetiam
890 1526 1018 1591 diutina
1041 1526 1276 1592 conuersatione

159 1622 304 1698 capatus
326 1620 402 1679 erat.
449 1612 627 1678 Materiam
650 1612 745 1678 buius
768 1613 844 1679 libri
866 1615 914 1680 ita
937 1614 1100 1696 disposuit,
1124 1620 1160 1680 ut

267 1725 293 1769 c.
313 1708 411 1767 1-·6.
435 1703 474 1768 de
496 1701 618 1766 Atbola
640 1703 751 1767 abbate
772 1702 935 1785 Bobiensi,

267 1814 293 1858 c.
311 1797 429 1854 7-10.
454 1792 492 1856 de
514 1790 666 1855 Eustasio
688 1792 800 1856 abbate
822 1791 1025 1873 Lnaooiensi,
1297 1814 1322 1856 ιο

268 1903 293 1947 a.
313 1885 455 1944 11—22.
480 1881 518 1945 de
539 1879 706 1945 miraculis
727 1879 1003 1961 Eooriacensibns,

268 1991 294 2036 c.
311 1976 363 2034 23.
387 1972 425 2034 de
447 1968 595 2048 Bertulfo
618 1970 728 2034 abbate
750 1968 912 2051 Bobiensi,

268 2081 294 2124 c.
311 2065 363 2124 24.
388 2065 439 2122 25.
465 2059 503 2122 de
524 2056 692 2122 miraculis
717 2078 739 2120 u
764 2057 927 2123 monacbis
949 2056 1162 2123 Bobiensibus
1182 2058 1280 2140 uestis

162 2148 347 2229 disputaret.
394 2148 459 2212 Sub
482 2145 605 2211 Albula
627 2146 819 2210 monasterio
841 2146 1021 2228 adscriptus
1043 2145 1280 2228 ministerioque

162 2236 286 2302 abbatis
309 2235 478 2300 adiunctus
500 2233 665 2298 historiam
684 2233 874 2300 Bobiensem
890 2256 988 2317 usque
1010 2237 1055 2301 ad
1076 2257 1107 2300 a.
1124 2241 1199 2299 628.
1217 2255 1280 2317 per
1297 2258 1325 2298 so

162 2323 348 2390 decennium
378 2323 464 2387 testis
494 2323 635 2387 oculatus
668 2322 838 2387 memoriae
871 2323 1015 2406 tradidit,
1050 2324 1176 2406 ipseque
1209 2345 1280 2389 cum

162 2413 305 2492 fratrum
332 2412 526 2492 reliquorum
555 2416 620 2475 tum
648 2410 700 2474 sui
728 2411 830 2491 numus
859 2412 1068 2478 testimonium
1100 2414 1146 2478 ad
1166 2414 1280 2491 confir-

162 2502 283 2565 manda
312 2499 471 2565 miracula
497 2500 652 2580 quaedam
675 2499 809 2564 attulit4.
864 2500 1016 2567 Ultimam
1039 2501 1178 2566 Albulae
1206 2500 1280 2566 oisi-

163 2609 253 2654 onem
276 2608 339 2670 per
360 2588 630 2652 Blidemuudnm⁵
652 2589 839 2653 monacbum
869 2596 1062 2671 coanooerot,
1093 2588 1280 2654 moribundo

164 2683 267 2742 autem
290 2675 399 2742 abbati
421 2676 487 2758 mse
509 2675 669 2740 adstitisse
691 2676 824 2742 uidetur.
871 2678 976 2743 Plura
1001 2677 1119 2760 primis
1141 2678 1282 2757 Bertulfl
1299 2700 1326 2741 ss

164 2765 263 2831 annis
283 2763 510 2830 monasterium
528 2785 662 2845 passum
679 2771 757 2846 erat,
781 2766 922 2848 episcopo
941 2766 1124 2832 dioecesano
1141 2765 1282 2831 insidias

163 2855 317 2936 moliente,
342 2859 487 2918 conatum
511 2860 615 2918 autem
637 2875 693 2934 ope
709 2855 811 2920 Iollae
834 2855 932 2920 abbas
954 2854 1090 2933 feliciter
1112 2855 1280 2937 repulerat.

163 2945 256 3010 Haec
278 2942 428 3025 acquisiti
450 2941 618 3025 privileaii
641 2942 774 3025 papalis
796 2943 933 3008 bistoria
961 2949 997 3008 ut
1021 2943 1070 3009 rei
1092 2942 1283 3008 coenobialis

164 3032 337 3116 counitioni
362 3033 490 3097 multam
515 3032 614 3098 lucem
636 3031 740 3112 affert,
766 3031 816 3097 ito
838 3039 1020 3097 accuratam
1043 3031 1211 3114 biomapbi
1234 3033 1282 3096 de·

163 3121 366 3205 scriptionem
389 3128 576 3203 peroratam
606 3119 718 3185 baberi
747 3121 974 3186 euistimamns.
1020 3122 1065 3186 Ιη
1094 3121 1177 3186 calce
1206 3119 1283 3185 libri
1301 3142 1328 3184 so

165 3233 234 3277 eum
257 3210 395 3290 virtutes,
420 3210 532 3291 auibus
554 3209 724 3274 monachos
744 3209 918 3275 Bobieuses
939 3210 996 3274 sub
1018 3216 1149 3290 utroque
1172 3210 1283 3273 abbate

165 3299 331 3365 abundare
363 3298 495 3378 uiderat,
535 3305 600 3362 tum
634 3305 786 3362 eutremos
819 3298 938 3362 balitus
971 3298 1113 3377 fratrum
1146 3297 1284 3377 feliciter

165 3386 377 3452 decedentium
419 3385 586 3468 diliyenter
623 3386 807 3469 describo-sin
850 3386 961 3452 mortis
1002 3393 1105 3452 autem
1142 3385 1284 3464 Bertulfi

164 3473 353 3540 mentionem
375 3474 498 3538 nullam
519 3473 604 3556 fecit,
628 3474 695 3539 nisi
716 3475 824 3557 fallor,
848 3476 926 3560 quia
948 3475 1077 3541 interim
1099 3475 1136 3540 in
1164 3472 1284 3540 Galliis

165 3564 353 3645 vacabatur.
389 3561 657 3627 Pretiosissimam
674 3565 788 3645 procul
806 3564 900 3629 dubio
915 3564 992 3628 libri
1007 3563 1140 3629 alterius
1156 3568 1284 3646 partem
1303 3586 1329 3628 n

165 3651 302 3717 bistoria
325 3651 473 3716 Eustasii
495 3651 605 3732 efficit.
651 3652 743 3716 Haec
765 3674 787 3717 a
809 3653 1076 3736 Buranndofara,
1101 3655 1138 3717 de
1161 3673 1225 3734 qua
1246 3649 1285 3716 in

166 3739 422 3820 subsequentibus
444 3761 477 3805 se
499 3747 710 3805 narraturum
733 3761 798 3806 esse
828 3748 936 3807 auctor
960 3743 1059 3823 Ι,26.
1078 3739 1282 3823 prmniserat,

167 3835 197 3894 et
218 3830 257 3893 ab
281 3828 405 3911 oriaine
428 3828 614 3894 monasterii
636 3828 863 3894 Eooriacensis
885 3829 1017 3912 incenit·
1040 3836 1214 3911 sequuntur
1235 3849 1284 3893 ea·

162 3915 340 3998 peditiones
362 3919 407 3983 ad
430 3919 675 4000 propayandum
698 3918 793 3997 [idem
816 3917 1027 3984 christianam
1049 3918 1086 3983 in
1108 3916 1285 3984 Baioarios

167 4005 311 4086 aliasque
331 4012 438 4087 centes
455 4007 580 4087 fuctoe;
603 4006 737 4088 denique
754 4005 932 4072 discordiae
947 4007 1161 4089 Aarestianae
1179 4003 1286 4086 fusius
1302 4031 1331 4071 ao

167 4095 295 4159 relatae.
343 4095 466 4178 Synodi
488 4094 576 4159 illius
599 4094 817 4159 celeberrimae
839 4095 1092 4160 Matisconensis
1120 4118 1150 4160 a.
1172 4090 1283 4174 bibit,

169 4268 197 4335 1)
218 4266 247 4321 r.
267 4267 383 4324 cauma.
401 4270 464 4336 ao.
485 4272 526 4324 19.
599 4267 850 4338 2)1o.1,27.2s.
923 4269 952 4338 3)
975 4268 1114 4333 roam.
1187 4271 1215 4338 4)
1240 4268 1284 4324 Io.

168 4338 208 4404 Π,
221 4341 246 4393 s.
318 4339 346 4406 s)
367 4340 412 4393 to.
426 4341 467 4406 ιι,
480 4342 505 4395 o.
