<?xml version="1.0" encoding="UTF-8"?>
<!DOCTYPE html PUBLIC "-//W3C//DTD XHTML 1.0 Transitional//EN"
    "http://www.w3.org/TR/xhtml1/DTD/xhtml1-transitional.dtd">
<html xmlns="http://www.w3.org/1999/xhtml" xml:lang="en" lang="en">
 <head>
  <title>
</title>
<meta http-equiv="Content-Type" content="text/html;charset=utf-8" />
  <meta name='ocr-system' content='tesseract 3.04.00' />
  <meta name='ocr-capabilities' content='ocr_page ocr_carea ocr_par ocr_line ocrx_word'/>
</head>
<body>
  <div class='ocr_page' id='page_1' title='image "./ionaevitaesanct01jonagoog_0071.png"; bbox 0 0 2978 4928; ppageno 0'>
   <div class='ocr_carea' id='block_1_1' title="bbox 246 337 1150 408">
    <p class='ocr_par' dir='ltr' id='par_1_1' title="bbox 246 337 1150 408">
     <span class='ocr_line' id='line_1_1' title="bbox 246 337 1150 408; baseline -0.004 -9"><span class='ocrx_word' id='word_1_1' title='bbox 246 345 283 399; x_wconf 75' lang='lat'><em>54</em></span> <span class='ocrx_word' id='word_1_2' title='bbox 459 339 585 408; x_wconf 77' lang='lat' dir='ltr'><em>10NAS,</em></span> <span class='ocrx_word' id='word_1_3' title='bbox 597 338 719 394; x_wconf 78' lang='lat' dir='ltr'><strong>VITAE</strong></span> <span class='ocrx_word' id='word_1_4' title='bbox 737 337 965 394; x_wconf 80' lang='lat' dir='ltr'><strong>OOLUMBANI</strong></span> <span class='ocrx_word' id='word_1_5' title='bbox 985 337 1093 393; x_wconf 85' lang='lat' dir='ltr'><strong>LIBRI</strong></span> <span class='ocrx_word' id='word_1_6' title='bbox 1109 337 1150 395; x_wconf 91' lang='lat'><em>11.</em></span> 
     </span>
    </p>
   </div>
   <div class='ocr_carea' id='block_1_2' title="bbox 162 519 1418 4054">
    <p class='ocr_par' dir='ltr' id='par_1_2' title="bbox 244 519 1412 1754">
     <span class='ocr_line' id='line_1_2' title="bbox 247 519 1366 605; baseline -0.001 -18"><span class='ocrx_word' id='word_1_7' title='bbox 247 521 375 587; x_wconf 80' lang='lat' dir='ltr'><em>coluit1.</em></span> <span class='ocrx_word' id='word_1_8' title='bbox 422 521 592 605; x_wconf 83' lang='lat' dir='ltr'><em>Ipnoracit</em></span> <span class='ocrx_word' id='word_1_9' title='bbox 619 520 720 603; x_wconf 84' lang='lat' dir='ltr'><em>ipitur</em></span> <span class='ocrx_word' id='word_1_10' title='bbox 744 520 895 602; x_wconf 81' lang='lat' dir='ltr'><em>Sipilerti</em></span> <span class='ocrx_word' id='word_1_11' title='bbox 924 519 1044 584; x_wconf 87' lang='lat' dir='ltr'><em>dicioni</em></span> <span class='ocrx_word' id='word_1_12' title='bbox 1067 519 1255 584; x_wconf 79' lang='lat' dir='ltr'><em>Austrasios</em></span> <span class='ocrx_word' id='word_1_13' title='bbox 1284 521 1366 586; x_wconf 84' lang='lat' dir='ltr'><em>solos</em></span> 
     </span>
     <span class='ocr_line' id='line_1_3' title="bbox 246 607 1364 691; baseline -0.002 -15"><span class='ocrx_word' id='word_1_14' title='bbox 246 610 386 676; x_wconf 79' lang='lat' dir='ltr'><em>subditos</em></span> <span class='ocrx_word' id='word_1_15' title='bbox 414 609 515 690; x_wconf 81' lang='lat' dir='ltr'><em>fuisse</em></span> <span class='ocrx_word' id='word_1_16' title='bbox 543 616 745 690; x_wconf 81' lang='lat' dir='ltr'><em>sanctumque</em></span> <span class='ocrx_word' id='word_1_17' title='bbox 773 609 812 674; x_wconf 91' lang='lat' dir='ltr'><em>in</em></span> <span class='ocrx_word' id='word_1_18' title='bbox 841 610 999 691; x_wconf 83' lang='lat' dir='ltr'><em>Vosapum</em></span> <span class='ocrx_word' id='word_1_19' title='bbox 1026 607 1189 673; x_wconf 86' lang='lat' dir='ltr'><em>advenisse</em></span> <span class='ocrx_word' id='word_1_20' title='bbox 1212 607 1298 674; x_wconf 90' lang='lat' dir='ltr'><em>circa</em></span> <span class='ocrx_word' id='word_1_21' title='bbox 1326 615 1364 674; x_wconf 83' lang='lat'><em>15</em></span> 
     </span>
     <span class='ocr_line' id='line_1_4' title="bbox 247 695 1366 780; baseline -0.002 -16"><span class='ocrx_word' id='word_1_22' title='bbox 247 699 345 765; x_wconf 91' lang='lat' dir='ltr'><em>annis</em></span> <span class='ocrx_word' id='word_1_23' title='bbox 369 705 443 780; x_wconf 88' lang='lat' dir='ltr'><em>post</em></span> <span class='ocrx_word' id='word_1_24' title='bbox 469 705 598 763; x_wconf 88' lang='lat' dir='ltr'><em>mortem</em></span> <span class='ocrx_word' id='word_1_25' title='bbox 627 698 732 780; x_wconf 83' lang='lat' dir='ltr'><em>repis,·</em></span> <span class='ocrx_word' id='word_1_26' title='bbox 765 704 839 762; x_wconf 91' lang='lat' dir='ltr'><em>tunc</em></span> <span class='ocrx_word' id='word_1_27' title='bbox 869 703 972 763; x_wconf 92' lang='lat' dir='ltr'><em>autem</em></span> <span class='ocrx_word' id='word_1_28' title='bbox 998 695 1258 762; x_wconf 79' lang='lat' dir='ltr'><em>Guntlramnum</em></span> <span class='ocrx_word' id='word_1_29' title='bbox 1280 696 1366 762; x_wconf 91' lang='lat' dir='ltr'><em>Bur·</em></span> 
     </span>
     <span class='ocr_line' id='line_1_5' title="bbox 244 785 1366 870; baseline 0 -18"><span class='ocrx_word' id='word_1_30' title='bbox 244 787 442 870; x_wconf 81' lang='lat' dir='ltr'><em>pundiouum</em></span> <span class='ocrx_word' id='word_1_31' title='bbox 456 808 589 869; x_wconf 83' lang='lat' dir='ltr'><em>repnum</em></span> <span class='ocrx_word' id='word_1_32' title='bbox 600 786 736 851; x_wconf 71' lang='lat' dir='ltr'><em>munisse</em></span> <span class='ocrx_word' id='word_1_33' title='bbox 750 786 844 866; x_wconf 81' lang='lat' dir='ltr'><em>idque</em></span> <span class='ocrx_word' id='word_1_34' title='bbox 860 785 1059 850; x_wconf 82' lang='lat' dir='ltr'><em>Olildolerto</em></span> <span class='ocrx_word' id='word_1_35' title='bbox 1075 787 1198 850; x_wconf 61' lang='lat' dir='ltr'><em>minum</em></span> <span class='ocrx_word' id='word_1_36' title='bbox 1213 793 1366 868; x_wconf 76' lang='lat' dir='ltr'><em>repnantc</em></span> 
     </span>
     <span class='ocr_line' id='line_1_6' title="bbox 246 873 1398 957; baseline -0.001 -16"><span class='ocrx_word' id='word_1_37' title='bbox 246 876 491 941; x_wconf 83' lang='lat' dir='ltr'><em>Austrasiorum</em></span> <span class='ocrx_word' id='word_1_38' title='bbox 517 896 614 957; x_wconf 82' lang='lat' dir='ltr'><em>repuo</em></span> <span class='ocrx_word' id='word_1_39' title='bbox 637 874 803 939; x_wconf 69' lang='lat' dir='ltr'><strong><em>accessisse</em></strong></span> <span class='ocrx_word' id='word_1_40' title='bbox 824 874 857 938; x_wconf 91' lang='lat' dir='ltr'><em>oi</em></span> <span class='ocrx_word' id='word_1_41' title='bbox 880 873 970 956; x_wconf 91' lang='lat' dir='ltr'><em>pacti</em></span> <span class='ocrx_word' id='word_1_42' title='bbox 992 874 1236 940; x_wconf 83' lang='lat' dir='ltr'><em>Andelaoeusis.</em></span> <span class='ocrx_word' id='word_1_43' title='bbox 1287 875 1398 940; x_wconf 78' lang='lat' dir='ltr'><em>Onus</em></span> 
     </span>
     <span class='ocr_line' id='line_1_7' title="bbox 247 961 1367 1047; baseline -0.001 -17"><span class='ocrx_word' id='word_1_44' title='bbox 247 967 284 1030; x_wconf 88' lang='lat' dir='ltr'><em>de</em></span> <span class='ocrx_word' id='word_1_45' title='bbox 301 964 453 1047; x_wconf 77' lang='lat' dir='ltr'><em>Sipilerti</em></span> <span class='ocrx_word' id='word_1_46' title='bbox 468 986 541 1028; x_wconf 90' lang='lat' dir='ltr'><em>nece</em></span> <span class='ocrx_word' id='word_1_47' title='bbox 556 969 585 1027; x_wconf 92' lang='lat' dir='ltr'><em>ct</em></span> <span class='ocrx_word' id='word_1_48' title='bbox 604 962 800 1028; x_wconf 78' lang='lat' dir='ltr'><em>Olildeberti</em></span> <span class='ocrx_word' id='word_1_49' title='bbox 816 961 1010 1044; x_wconf 73' lang='lat' dir='ltr'><em>primordiis</em></span> <span class='ocrx_word' id='word_1_50' title='bbox 1028 970 1175 1028; x_wconf 89' lang='lat' dir='ltr'><em>accurate</em></span> <span class='ocrx_word' id='word_1_51' title='bbox 1192 963 1367 1029; x_wconf 82' lang='lat' dir='ltr'><em>instructus</em></span> 
     </span>
     <span class='ocr_line' id='line_1_8' title="bbox 247 1046 1364 1134; baseline -0.003 -15"><span class='ocrx_word' id='word_1_52' title='bbox 247 1060 333 1133; x_wconf 85' lang='lat' dir='ltr'><em>essct,</em></span> <span class='ocrx_word' id='word_1_53' title='bbox 364 1052 431 1117; x_wconf 84' lang='lat' dir='ltr'><em>uisi</em></span> <span class='ocrx_word' id='word_1_54' title='bbox 458 1052 566 1132; x_wconf 80' lang='lat' dir='ltr'><em>fallor,</em></span> <span class='ocrx_word' id='word_1_55' title='bbox 597 1073 613 1115; x_wconf 92' lang='lat' dir='ltr'><em>c</em></span> <span class='ocrx_word' id='word_1_56' title='bbox 640 1050 790 1132; x_wconf 80' lang='lat' dir='ltr'><em>Greporii</em></span> <span class='ocrx_word' id='word_1_57' title='bbox 820 1050 906 1114; x_wconf 74' lang='lat' dir='ltr'><em>ffiu,</em></span> <span class='ocrx_word' id='word_1_58' title='bbox 931 1052 991 1115; x_wconf 86' lang='lat' dir='ltr'><em>Fr.</em></span> <span class='ocrx_word' id='word_1_59' title='bbox 1015 1052 1081 1130; x_wconf 84' lang='lat' dir='ltr'><em>IV,</em></span> <span class='ocrx_word' id='word_1_60' title='bbox 1107 1059 1159 1115; x_wconf 82' lang='lat'><em>50.</em></span> <span class='ocrx_word' id='word_1_61' title='bbox 1192 1046 1244 1115; x_wconf 74' lang='lat'><em>51&#39;.</em></span> <span class='ocrx_word' id='word_1_62' title='bbox 1274 1052 1310 1133; x_wconf 91' lang='lat' dir='ltr'><em>V,</em></span> <span class='ocrx_word' id='word_1_63' title='bbox 1338 1059 1364 1134; x_wconf 90' lang='lat'><em>1,</em></span> 
     </span>
     <span class='ocr_line' id='line_1_9' title="bbox 248 1139 1364 1222; baseline -0.001 -16"><span class='ocrx_word' id='word_1_64' title='bbox 248 1142 383 1207; x_wconf 78' lang='lat' dir='ltr'><em>codicem</em></span> <span class='ocrx_word' id='word_1_65' title='bbox 405 1161 495 1222; x_wconf 80' lang='lat' dir='ltr'><em>quern</em></span> <span class='ocrx_word' id='word_1_66' title='bbox 517 1139 628 1205; x_wconf 80' lang='lat' dir='ltr'><em>lubuit</em></span> <span class='ocrx_word' id='word_1_67' title='bbox 648 1139 790 1220; x_wconf 84' lang='lat' dir='ltr'><em>suspicor</em></span> <span class='ocrx_word' id='word_1_68' title='bbox 807 1140 1054 1221; x_wconf 76' lang='lat' dir='ltr'><em>haudquaquam</em></span> <span class='ocrx_word' id='word_1_69' title='bbox 1076 1140 1233 1221; x_wconf 87' lang='lat' dir='ltr'><em>inteprum</em></span> <span class='ocrx_word' id='word_1_70' title='bbox 1255 1140 1364 1222; x_wconf 79' lang='lat' dir='ltr'><em>fuisse,</em></span> 
     </span>
     <span class='ocr_line' id='line_1_10' title="bbox 248 1227 1367 1310; baseline -0.002 -15"><span class='ocrx_word' id='word_1_71' title='bbox 248 1231 304 1295; x_wconf 89' lang='lat' dir='ltr'><em>sed</em></span> <span class='ocrx_word' id='word_1_72' title='bbox 325 1250 380 1294; x_wconf 86' lang='lat' dir='ltr'><em>sen</em></span> <span class='ocrx_word' id='word_1_73' title='bbox 402 1234 526 1293; x_wconf 91' lang='lat' dir='ltr'><em>tantum</em></span> <span class='ocrx_word' id='word_1_74' title='bbox 543 1228 670 1310; x_wconf 88' lang='lat' dir='ltr'><em>priores</em></span> <span class='ocrx_word' id='word_1_75' title='bbox 693 1227 860 1292; x_wconf 79' lang='lat' dir='ltr'><em>Historiae</em></span> <span class='ocrx_word' id='word_1_76' title='bbox 883 1229 942 1294; x_wconf 85' lang='lat' dir='ltr'><em>Fr.</em></span> <span class='ocrx_word' id='word_1_77' title='bbox 968 1228 1064 1292; x_wconf 88' lang='lat' dir='ltr'><em>libros</em></span> <span class='ocrx_word' id='word_1_78' title='bbox 1087 1228 1287 1308; x_wconf 75' lang='lat' dir='ltr'><em>continuisse,</em></span> <span class='ocrx_word' id='word_1_79' title='bbox 1311 1229 1367 1310; x_wconf 79' lang='lat' dir='ltr'><em>qui</em></span> 
     </span>
     <span class='ocr_line' id='line_1_11' title="bbox 249 1316 1412 1399; baseline -0.001 -16"><span class='ocrx_word' id='word_1_80' title='bbox 249 1319 348 1383; x_wconf 86' lang='lat' dir='ltr'><em>classe</em></span> <span class='ocrx_word' id='word_1_81' title='bbox 370 1317 403 1381; x_wconf 89' lang='lat' dir='ltr'><em>B</em></span> <span class='ocrx_word' id='word_1_82' title='bbox 426 1316 635 1382; x_wconf 76' lang='lat' dir='ltr'><em>corrdnentur.</em></span> <span class='ocrx_word' id='word_1_83' title='bbox 681 1316 736 1380; x_wconf 88' lang='lat' dir='ltr'><em>Ea</em></span> <span class='ocrx_word' id='word_1_84' title='bbox 758 1337 838 1397; x_wconf 79' lang='lat' dir='ltr'><em>quac</em></span> <span class='ocrx_word' id='word_1_85' title='bbox 861 1318 899 1382; x_wconf 90' lang='lat' dir='ltr'><em>de</em></span> <span class='ocrx_word' id='word_1_86' title='bbox 922 1316 1010 1381; x_wconf 87' lang='lat' dir='ltr'><em>bellis</em></span> <span class='ocrx_word' id='word_1_87' title='bbox 1032 1336 1140 1399; x_wconf 84' lang='lat' dir='ltr'><em>repum</em></span> <span class='ocrx_word' id='word_1_88' title='bbox 1162 1317 1367 1382; x_wconf 78' lang='lat' dir='ltr'><em>Francorum</em></span> <span class='ocrx_word' id='word_1_89' title='bbox 1385 1342 1412 1383; x_wconf 81' lang='grc' dir='ltr'><em>ιο</em></span> 
     </span>
     <span class='ocr_line' id='line_1_12' title="bbox 249 1404 1367 1488; baseline -0.001 -16"><span class='ocrx_word' id='word_1_90' title='bbox 249 1429 280 1472; x_wconf 94' lang='lat' dir='ltr'><em>a.</em></span> <span class='ocrx_word' id='word_1_91' title='bbox 298 1411 497 1470; x_wconf 79' lang='lat' dir='ltr'><em>olo—613.</em></span> <span class='ocrx_word' id='word_1_92' title='bbox 519 1405 614 1487; x_wconf 84' lang='lat' dir='ltr'><em>pestis</em></span> <span class='ocrx_word' id='word_1_93' title='bbox 637 1404 803 1469; x_wconf 83' lang='lat' dir='ltr'><em>enarravit</em></span> <span class='ocrx_word' id='word_1_94' title='bbox 824 1405 861 1470; x_wconf 91' lang='lat' dir='ltr'><em>in</em></span> <span class='ocrx_word' id='word_1_95' title='bbox 878 1405 1062 1470; x_wconf 88' lang='lat' dir='ltr'><em>uniuersum</em></span> <span class='ocrx_word' id='word_1_96' title='bbox 1081 1426 1149 1469; x_wconf 93' lang='lat' dir='ltr'><em>cum</em></span> <span class='ocrx_word' id='word_1_97' title='bbox 1169 1405 1367 1488; x_wconf 83' lang='lat' dir='ltr'><em>Fredepario</em></span> 
     </span>
     <span class='ocr_line' id='line_1_13' title="bbox 249 1493 1368 1575; baseline -0.001 -16"><span class='ocrx_word' id='word_1_98' title='bbox 249 1494 447 1575; x_wconf 86' lang='lat' dir='ltr'><em>conveniunt,</em></span> <span class='ocrx_word' id='word_1_99' title='bbox 478 1493 534 1575; x_wconf 78' lang='lat' dir='ltr'><em>qui</em></span> <span class='ocrx_word' id='word_1_100' title='bbox 563 1515 731 1558; x_wconf 89' lang='lat' dir='ltr'><em>consensus</em></span> <span class='ocrx_word' id='word_1_101' title='bbox 753 1493 789 1558; x_wconf 92' lang='lat' dir='ltr'><em>in</em></span> <span class='ocrx_word' id='word_1_102' title='bbox 812 1494 872 1558; x_wconf 83' lang='lat' dir='ltr'><em>lac</em></span> <span class='ocrx_word' id='word_1_103' title='bbox 900 1493 1037 1573; x_wconf 79' lang='lat' dir='ltr'><em>fontium</em></span> <span class='ocrx_word' id='word_1_104' title='bbox 1061 1493 1204 1575; x_wconf 89' lang='lat' dir='ltr'><em>penuria</em></span> <span class='ocrx_word' id='word_1_105' title='bbox 1233 1493 1368 1559; x_wconf 80' lang='lat' dir='ltr'><em>maximi</em></span> 
     </span>
     <span class='ocr_line' id='line_1_14' title="bbox 249 1581 1368 1664; baseline -0.001 -17"><span class='ocrx_word' id='word_1_106' title='bbox 249 1582 397 1647; x_wconf 85' lang='lat' dir='ltr'><em>momenti</em></span> <span class='ocrx_word' id='word_1_107' title='bbox 419 1589 482 1664; x_wconf 88' lang='lat' dir='ltr'><em>cst,·</em></span> <span class='ocrx_word' id='word_1_108' title='bbox 510 1582 565 1647; x_wconf 85' lang='lat' dir='ltr'><em>uli</em></span> <span class='ocrx_word' id='word_1_109' title='bbox 588 1590 691 1647; x_wconf 91' lang='lat' dir='ltr'><em>autem</em></span> <span class='ocrx_word' id='word_1_110' title='bbox 714 1582 895 1663; x_wconf 87' lang='lat' dir='ltr'><em>discrepant</em></span> <span class='ocrx_word' id='word_1_111' title='bbox 904 1584 924 1662; x_wconf 73' lang='lat'><em>2,</em></span> <span class='ocrx_word' id='word_1_112' title='bbox 955 1581 1002 1646; x_wconf 85' lang='lat' dir='ltr'><em>ili</em></span> <span class='ocrx_word' id='word_1_113' title='bbox 1031 1584 1126 1661; x_wconf 70' lang='lat' dir='ltr'><em>pidem</em></span> <span class='ocrx_word' id='word_1_114' title='bbox 1149 1582 1368 1648; x_wconf 74' lang='lat' dir='ltr'><em>chronicorum</em></span> 
     </span>
     <span class='ocr_line' id='line_1_15' title="bbox 250 1670 1108 1754; baseline -0.003 -18"><span class='ocrx_word' id='word_1_115' title='bbox 250 1672 501 1753; x_wconf 74' lang='lat' dir='ltr'><em>anteponendam</em></span> <span class='ocrx_word' id='word_1_116' title='bbox 524 1692 589 1735; x_wconf 86' lang='lat' dir='ltr'><em>esse</em></span> <span class='ocrx_word' id='word_1_117' title='bbox 612 1693 718 1736; x_wconf 90' lang='lat' dir='ltr'><em>censeo</em></span> <span class='ocrx_word' id='word_1_118' title='bbox 741 1670 959 1754; x_wconf 80' lang='lat' dir='ltr'><em>lapiopruplo</em></span> <span class='ocrx_word' id='word_1_119' title='bbox 983 1671 1108 1734; x_wconf 88' lang='lat' dir='ltr'><em>Italico.</em></span> 
     </span>
    </p>

    <p class='ocr_par' dir='ltr' id='par_1_3' title="bbox 244 1758 1416 2725">
     <span class='ocr_line' id='line_1_16' title="bbox 358 1758 1413 1841; baseline 0.002 -17"><span class='ocrx_word' id='word_1_120' title='bbox 358 1759 460 1825; x_wconf 78' lang='lat' dir='ltr'><em>Situm</em></span> <span class='ocrx_word' id='word_1_121' title='bbox 490 1761 627 1824; x_wconf 92' lang='lat' dir='ltr'><em>locorum</em></span> <span class='ocrx_word' id='word_1_122' title='bbox 655 1758 871 1841; x_wconf 83' lang='lat' dir='ltr'><em>multipliciter</em></span> <span class='ocrx_word' id='word_1_123' title='bbox 893 1759 1103 1823; x_wconf 88' lang='lat' dir='ltr'><em>determinare</em></span> <span class='ocrx_word' id='word_1_124' title='bbox 1133 1761 1251 1824; x_wconf 81' lang='lat' dir='ltr'><em>solebat</em></span> <span class='ocrx_word' id='word_1_125' title='bbox 1271 1780 1369 1841; x_wconf 82' lang='lat' dir='ltr'><em>eaque</em></span> <span class='ocrx_word' id='word_1_126' title='bbox 1387 1785 1413 1826; x_wconf 79' lang='lat' dir='ltr'><em>n</em></span> 
     </span>
     <span class='ocr_line' id='line_1_17' title="bbox 249 1847 1369 1931; baseline 0 -19"><span class='ocrx_word' id='word_1_127' title='bbox 249 1870 330 1930; x_wconf 80' lang='lat' dir='ltr'><em>quae</em></span> <span class='ocrx_word' id='word_1_128' title='bbox 362 1849 430 1931; x_wconf 86' lang='lat' dir='ltr'><em>ipse</em></span> <span class='ocrx_word' id='word_1_129' title='bbox 464 1848 582 1913; x_wconf 88' lang='lat' dir='ltr'><em>oiscrat</em></span> <span class='ocrx_word' id='word_1_130' title='bbox 615 1848 726 1930; x_wconf 91' lang='lat' dir='ltr'><em>optimc</em></span> <span class='ocrx_word' id='word_1_131' title='bbox 760 1847 934 1929; x_wconf 84' lang='lat' dir='ltr'><em>descripsit.</em></span> <span class='ocrx_word' id='word_1_132' title='bbox 989 1847 1226 1913; x_wconf 85' lang='lat' dir='ltr'><em>Victoriacum¹</em></span> <span class='ocrx_word' id='word_1_133' title='bbox 1259 1848 1369 1912; x_wconf 89' lang='lat' dir='ltr'><em>uillam</em></span> 
     </span>
     <span class='ocr_line' id='line_1_18' title="bbox 244 1935 1369 2019; baseline 0 -17"><span class='ocrx_word' id='word_1_134' title='bbox 244 1937 408 2019; x_wconf 77' lang='lat' dir='ltr'><em>publicam</em></span> <span class='ocrx_word' id='word_1_135' title='bbox 440 1937 478 2001; x_wconf 90' lang='lat' dir='ltr'><em>iu</em></span> <span class='ocrx_word' id='word_1_136' title='bbox 511 1938 691 2002; x_wconf 83' lang='lat' dir='ltr'><em>suburbano</em></span> <span class='ocrx_word' id='word_1_137' title='bbox 717 1936 938 2002; x_wconf 75' lang='lat' dir='ltr'><em>Atr‘clatcnsis</em></span> <span class='ocrx_word' id='word_1_138' title='bbox 966 1935 1056 2000; x_wconf 82' lang='lat' dir='ltr'><em>urbis</em></span> <span class='ocrx_word' id='word_1_139' title='bbox 1084 1936 1180 2000; x_wconf 89' lang='lat' dir='ltr'><em>sitam</em></span> <span class='ocrx_word' id='word_1_140' title='bbox 1209 1958 1274 2001; x_wconf 87' lang='lat' dir='ltr'><em>esse</em></span> <span class='ocrx_word' id='word_1_141' title='bbox 1304 1958 1369 2002; x_wconf 92' lang='lat' dir='ltr'><em>non</em></span> 
     </span>
     <span class='ocr_line' id='line_1_19' title="bbox 249 2025 1369 2109; baseline -0.001 -18"><span class='ocrx_word' id='word_1_142' title='bbox 249 2026 419 2109; x_wconf 82' lang='lat' dir='ltr'><em>ipnaraoit,</em></span> <span class='ocrx_word' id='word_1_143' title='bbox 450 2026 564 2108; x_wconf 79' lang='lat' dir='ltr'><em>quippe</em></span> <span class='ocrx_word' id='word_1_144' title='bbox 593 2026 649 2107; x_wconf 79' lang='lat' dir='ltr'><em>qui</em></span> <span class='ocrx_word' id='word_1_145' title='bbox 677 2025 766 2092; x_wconf 83' lang='lat' dir='ltr'><em>laud</em></span> <span class='ocrx_word' id='word_1_146' title='bbox 789 2026 902 2107; x_wconf 85' lang='lat' dir='ltr'><em>procrd</em></span> <span class='ocrx_word' id='word_1_147' title='bbox 931 2027 971 2089; x_wconf 87' lang='lat' dir='ltr'><em>al</em></span> <span class='ocrx_word' id='word_1_148' title='bbox 1001 2046 1039 2088; x_wconf 92' lang='lat' dir='ltr'><em>eu</em></span> <span class='ocrx_word' id='word_1_149' title='bbox 1068 2027 1156 2105; x_wconf 81' lang='lat' dir='ltr'><em>apmd</em></span> <span class='ocrx_word' id='word_1_150' title='bbox 1184 2026 1369 2090; x_wconf 87' lang='lat' dir='ltr'><em>Amandum</em></span> 
     </span>
     <span class='ocr_line' id='line_1_20' title="bbox 250 2113 1369 2196; baseline -0.001 -16"><span class='ocrx_word' id='word_1_151' title='bbox 250 2122 325 2180; x_wconf 93' lang='lat' dir='ltr'><em>tuuc</em></span> <span class='ocrx_word' id='word_1_152' title='bbox 351 2122 605 2196; x_wconf 86' lang='lat' dir='ltr'><em>commoraretur,</em></span> <span class='ocrx_word' id='word_1_153' title='bbox 635 2115 773 2195; x_wconf 79' lang='lat' dir='ltr'><em>situsque</em></span> <span class='ocrx_word' id='word_1_154' title='bbox 796 2113 1017 2178; x_wconf 80' lang='lat' dir='ltr'><em>Vesontionis³</em></span> <span class='ocrx_word' id='word_1_155' title='bbox 1044 2114 1134 2178; x_wconf 84' lang='lat' dir='ltr'><em>urbis</em></span> <span class='ocrx_word' id='word_1_156' title='bbox 1163 2120 1282 2178; x_wconf 91' lang='lat' dir='ltr'><em>natura</em></span> <span class='ocrx_word' id='word_1_157' title='bbox 1305 2114 1369 2193; x_wconf 79' lang='lat' dir='ltr'><em>for-</em></span> 
     </span>
     <span class='ocr_line' id='line_1_21' title="bbox 252 2201 1415 2281; baseline 0 -13"><span class='ocrx_word' id='word_1_158' title='bbox 252 2203 324 2268; x_wconf 91' lang='lat' dir='ltr'><em>titer</em></span> <span class='ocrx_word' id='word_1_159' title='bbox 345 2204 487 2268; x_wconf 88' lang='lat' dir='ltr'><em>munitus</em></span> <span class='ocrx_word' id='word_1_160' title='bbox 516 2204 545 2267; x_wconf 89' lang='lat' dir='ltr'><em>ei</em></span> <span class='ocrx_word' id='word_1_161' title='bbox 574 2203 757 2267; x_wconf 82' lang='lat' dir='ltr'><em>notissimus</em></span> <span class='ocrx_word' id='word_1_162' title='bbox 786 2209 864 2266; x_wconf 91' lang='lat' dir='ltr'><em>erat.</em></span> <span class='ocrx_word' id='word_1_163' title='bbox 912 2202 1062 2266; x_wconf 86' lang='lat' dir='ltr'><em>Attamen</em></span> <span class='ocrx_word' id='word_1_164' title='bbox 1090 2223 1197 2267; x_wconf 90' lang='lat' dir='ltr'><em>errore</em></span> <span class='ocrx_word' id='word_1_165' title='bbox 1225 2202 1293 2281; x_wconf 79' lang='lat' dir='ltr'><em>fere</em></span> <span class='ocrx_word' id='word_1_166' title='bbox 1321 2201 1369 2267; x_wconf 90' lang='lat' dir='ltr'><em>in·</em></span> <span class='ocrx_word' id='word_1_167' title='bbox 1387 2228 1415 2268; x_wconf 80' lang='lat' dir='ltr'><em>so</em></span> 
     </span>
     <span class='ocr_line' id='line_1_22' title="bbox 252 2289 1369 2356; baseline 0 0"><span class='ocrx_word' id='word_1_168' title='bbox 252 2291 427 2356; x_wconf 80' lang='lat' dir='ltr'><em>excusabili</em></span> <span class='ocrx_word' id='word_1_169' title='bbox 451 2293 593 2356; x_wconf 80' lang='lat' dir='ltr'><em>latronse</em></span> <span class='ocrx_word' id='word_1_170' title='bbox 614 2289 840 2355; x_wconf 85' lang='lat' dir='ltr'><em>monasterium</em></span> <span class='ocrx_word' id='word_1_171' title='bbox 864 2289 961 2354; x_wconf 86' lang='lat' dir='ltr'><em>‘intra</em></span> <span class='ocrx_word' id='word_1_172' title='bbox 979 2290 1098 2356; x_wconf 93' lang='lat' dir='ltr'><em>Ioraui</em></span> <span class='ocrx_word' id='word_1_173' title='bbox 1119 2291 1251 2355; x_wconf 73' lang='lat' dir='ltr'><em>saltus’4</em></span> <span class='ocrx_word' id='word_1_174' title='bbox 1273 2290 1369 2356; x_wconf 83' lang='lat' dir='ltr'><em>situm</em></span> 
     </span>
     <span class='ocr_line' id='line_1_23' title="bbox 253 2379 1370 2460; baseline 0 -16"><span class='ocrx_word' id='word_1_175' title='bbox 253 2401 318 2444; x_wconf 86' lang='lat' dir='ltr'><em>esse</em></span> <span class='ocrx_word' id='word_1_176' title='bbox 352 2379 495 2460; x_wconf 85' lang='lat' dir='ltr'><em>credidit,</em></span> <span class='ocrx_word' id='word_1_177' title='bbox 531 2380 602 2444; x_wconf 88' lang='lat' dir='ltr'><em>licet</em></span> <span class='ocrx_word' id='word_1_178' title='bbox 633 2379 701 2459; x_wconf 89' lang='lat' dir='ltr'><em>ipse</em></span> <span class='ocrx_word' id='word_1_179' title='bbox 734 2379 823 2443; x_wconf 83' lang='lat' dir='ltr'><em>haud</em></span> <span class='ocrx_word' id='word_1_180' title='bbox 849 2379 963 2459; x_wconf 91' lang='lat' dir='ltr'><em>procul</em></span> <span class='ocrx_word' id='word_1_181' title='bbox 992 2380 1032 2443; x_wconf 87' lang='lat' dir='ltr'><em>ab</em></span> <span class='ocrx_word' id='word_1_182' title='bbox 1062 2400 1096 2443; x_wconf 91' lang='lat' dir='ltr'><em>eo</em></span> <span class='ocrx_word' id='word_1_183' title='bbox 1119 2379 1156 2443; x_wconf 92' lang='lat' dir='ltr'><em>in</em></span> <span class='ocrx_word' id='word_1_184' title='bbox 1179 2379 1370 2444; x_wconf 89' lang='lat' dir='ltr'><em>monasterio</em></span> 
     </span>
     <span class='ocr_line' id='line_1_24' title="bbox 253 2467 1370 2547; baseline 0.001 -15"><span class='ocrx_word' id='word_1_185' title='bbox 253 2467 465 2532; x_wconf 84' lang='lat' dir='ltr'><em>Euoriuceusi</em></span> <span class='ocrx_word' id='word_1_186' title='bbox 487 2473 686 2532; x_wconf 85' lang='lat' dir='ltr'><em>conversatus</em></span> <span class='ocrx_word' id='word_1_187' title='bbox 708 2474 794 2547; x_wconf 89' lang='lat' dir='ltr'><em>esset,</em></span> <span class='ocrx_word' id='word_1_188' title='bbox 825 2474 855 2532; x_wconf 85' lang='lat' dir='ltr'><em>et</em></span> <span class='ocrx_word' id='word_1_189' title='bbox 874 2467 1102 2532; x_wconf 89' lang='lat' dir='ltr'><em>monasterium</em></span> <span class='ocrx_word' id='word_1_190' title='bbox 1126 2467 1370 2533; x_wconf 84' lang='lat' dir='ltr'><em>Sollemniacum</em></span> 
     </span>
     <span class='ocr_line' id='line_1_25' title="bbox 255 2555 1371 2639; baseline 0.002 -19"><span class='ocrx_word' id='word_1_191' title='bbox 255 2555 360 2639; x_wconf 81' lang='lat' dir='ltr'><em>‘super</em></span> <span class='ocrx_word' id='word_1_192' title='bbox 374 2555 510 2634; x_wconf 77' lang='lat' dir='ltr'><em>durium</em></span> <span class='ocrx_word' id='word_1_193' title='bbox 534 2555 762 2620; x_wconf 85' lang='lat' dir='ltr'><em>Vincenuam’⁵</em></span> <span class='ocrx_word' id='word_1_194' title='bbox 776 2556 893 2637; x_wconf 82' lang='lat' dir='ltr'><em>posuit,</em></span> <span class='ocrx_word' id='word_1_195' title='bbox 917 2559 1001 2636; x_wconf 79' lang='lat' dir='ltr'><em>quod</em></span> <span class='ocrx_word' id='word_1_196' title='bbox 1014 2577 1049 2621; x_wconf 85' lang='lat' dir='ltr'><em>re</em></span> <span class='ocrx_word' id='word_1_197' title='bbox 1063 2577 1139 2620; x_wconf 89' lang='lat' dir='ltr'><em>cera</em></span> <span class='ocrx_word' id='word_1_198' title='bbox 1154 2556 1224 2620; x_wconf 89' lang='lat' dir='ltr'><em>rico</em></span> <span class='ocrx_word' id='word_1_199' title='bbox 1239 2559 1371 2622; x_wconf 85' lang='lat' dir='ltr'><em>eundem</em></span> 
     </span>
     <span class='ocr_line' id='line_1_26' title="bbox 253 2643 1416 2725; baseline 0.001 -16"><span class='ocrx_word' id='word_1_200' title='bbox 253 2644 408 2722; x_wconf 78' lang='lat' dir='ltr'><em>influente</em></span> <span class='ocrx_word' id='word_1_201' title='bbox 430 2644 573 2724; x_wconf 92' lang='lat' dir='ltr'><em>alluitur,</em></span> <span class='ocrx_word' id='word_1_202' title='bbox 597 2643 652 2723; x_wconf 79' lang='lat' dir='ltr'><em>qui</em></span> <span class='ocrx_word' id='word_1_203' title='bbox 673 2643 818 2709; x_wconf 87' lang='lat' dir='ltr'><em>Briancc</em></span> <span class='ocrx_word' id='word_1_204' title='bbox 840 2644 1026 2725; x_wconf 85' lang='lat' dir='ltr'><em>appellatur.</em></span> <span class='ocrx_word' id='word_1_205' title='bbox 1389 2667 1416 2710; x_wconf 79' lang='lat' dir='ltr'><em>n</em></span> 
     </span>
    </p>

    <p class='ocr_par' dir='ltr' id='par_1_4' title="bbox 247 2732 1417 3789">
     <span class='ocr_line' id='line_1_27' title="bbox 361 2732 1371 2815; baseline 0.001 -18"><span class='ocrx_word' id='word_1_206' title='bbox 361 2733 533 2797; x_wconf 82' lang='lat' dir='ltr'><em>Praeterea</em></span> <span class='ocrx_word' id='word_1_207' title='bbox 563 2733 600 2796; x_wconf 88' lang='lat' dir='ltr'><em>de</em></span> <span class='ocrx_word' id='word_1_208' title='bbox 630 2738 730 2796; x_wconf 87' lang='lat' dir='ltr'><em>aetate</em></span> <span class='ocrx_word' id='word_1_209' title='bbox 760 2733 864 2797; x_wconf 81' lang='lat' dir='ltr'><em>sancti</em></span> <span class='ocrx_word' id='word_1_210' title='bbox 893 2732 944 2797; x_wconf 87' lang='lat' dir='ltr'><em>sui</em></span> <span class='ocrx_word' id='word_1_211' title='bbox 973 2733 1166 2815; x_wconf 79' lang='lat' dir='ltr'><em>liopraplius</em></span> <span class='ocrx_word' id='word_1_212' title='bbox 1195 2740 1256 2798; x_wconf 90' lang='lat' dir='ltr'><em>toto</em></span> <span class='ocrx_word' id='word_1_213' title='bbox 1286 2735 1371 2798; x_wconf 89' lang='lat' dir='ltr'><em>coelo</em></span> 
     </span>
     <span class='ocr_line' id='line_1_28' title="bbox 253 2818 1371 2899; baseline 0 -12"><span class='ocrx_word' id='word_1_214' title='bbox 253 2821 382 2887; x_wconf 90' lang='lat' dir='ltr'><em>errauit.</em></span> <span class='ocrx_word' id='word_1_215' title='bbox 435 2820 578 2886; x_wconf 78' lang='lat' dir='ltr'><em>Credidit</em></span> <span class='ocrx_word' id='word_1_216' title='bbox 599 2821 683 2886; x_wconf 90' lang='lat' dir='ltr'><em>enim</em></span> <span class='ocrx_word' id='word_1_217' title='bbox 711 2819 938 2886; x_wconf 77' lang='lat' dir='ltr'><em>Columlanum</em></span> <span class='ocrx_word' id='word_1_218' title='bbox 960 2821 1140 2887; x_wconf 85' lang='lat' dir='ltr'><em>uicesimum</em></span> <span class='ocrx_word' id='word_1_219' title='bbox 1165 2818 1371 2899; x_wconf 88' lang='lat' dir='ltr'><em>(tricesimum</em></span> 
     </span>
     <span class='ocr_line' id='line_1_29' title="bbox 253 2909 1372 2992; baseline 0 -17"><span class='ocrx_word' id='word_1_220' title='bbox 253 2913 285 2975; x_wconf 76' lang='lat' dir='ltr'><em>A</em></span> <span class='ocrx_word' id='word_1_221' title='bbox 303 2918 332 2974; x_wconf 86' lang='lat'><em>4.</em></span> <span class='ocrx_word' id='word_1_222' title='bbox 367 2910 417 2991; x_wconf 90' lang='lat' dir='ltr'><em>B)</em></span> <span class='ocrx_word' id='word_1_223' title='bbox 455 2910 570 2976; x_wconf 90' lang='lat' dir='ltr'><em>aetatis</em></span> <span class='ocrx_word' id='word_1_224' title='bbox 607 2931 729 2976; x_wconf 93' lang='lat' dir='ltr'><em>anuum</em></span> <span class='ocrx_word' id='word_1_225' title='bbox 766 2911 929 2992; x_wconf 83' lang='lat' dir='ltr'><em>apeutem⁶</em></span> <span class='ocrx_word' id='word_1_226' title='bbox 965 2910 1003 2975; x_wconf 88' lang='lat' dir='ltr'><em>iu</em></span> <span class='ocrx_word' id='word_1_227' title='bbox 1041 2910 1169 2976; x_wconf 81' lang='lat' dir='ltr'><em>Gallias</em></span> <span class='ocrx_word' id='word_1_228' title='bbox 1207 2909 1372 2975; x_wconf 85' lang='lat' dir='ltr'><em>aduenisse</em></span> 
     </span>
     <span class='ocr_line' id='line_1_30' title="bbox 252 2999 1369 3081; baseline -0.003 -16"><span class='ocrx_word' id='word_1_229' title='bbox 252 3000 425 3081; x_wconf 75' lang='lat' dir='ltr'><em>iterumque</em></span> <span class='ocrx_word' id='word_1_230' title='bbox 447 2999 591 3065; x_wconf 86' lang='lat' dir='ltr'><em>uicesimo</em></span> <span class='ocrx_word' id='word_1_231' title='bbox 615 3020 701 3065; x_wconf 91' lang='lat' dir='ltr'><em>anuo</em></span> <span class='ocrx_word' id='word_1_232' title='bbox 716 2999 860 3064; x_wconf 83' lang='lat' dir='ltr'><em>Luuouio</em></span> <span class='ocrx_word' id='word_1_233' title='bbox 882 2999 1076 3080; x_wconf 80' lang='lat' dir='ltr'><em>abscessisse,</em></span> <span class='ocrx_word' id='word_1_234' title='bbox 1100 2999 1147 3064; x_wconf 91' lang='lat' dir='ltr'><em>ita</em></span> <span class='ocrx_word' id='word_1_235' title='bbox 1169 3005 1204 3062; x_wconf 89' lang='lat' dir='ltr'><em>ut</em></span> <span class='ocrx_word' id='word_1_236' title='bbox 1222 2999 1309 3064; x_wconf 79' lang='lat' dir='ltr'><em>circa</em></span> <span class='ocrx_word' id='word_1_237' title='bbox 1326 3004 1369 3062; x_wconf 84' lang='lat'><em>45</em></span> 
     </span>
     <span class='ocr_line' id='line_1_31' title="bbox 253 3087 1416 3170; baseline 0 -16"><span class='ocrx_word' id='word_1_238' title='bbox 253 3110 356 3155; x_wconf 87' lang='lat' dir='ltr'><em>anuos</em></span> <span class='ocrx_word' id='word_1_239' title='bbox 378 3095 474 3154; x_wconf 86' lang='lat' dir='ltr'><em>natus</em></span> <span class='ocrx_word' id='word_1_240' title='bbox 496 3089 580 3153; x_wconf 91' lang='lat' dir='ltr'><em>diem</em></span> <span class='ocrx_word' id='word_1_241' title='bbox 601 3110 781 3170; x_wconf 88' lang='lat' dir='ltr'><em>supremum</em></span> <span class='ocrx_word' id='word_1_242' title='bbox 804 3087 937 3168; x_wconf 85' lang='lat' dir='ltr'><em>obiisset,</em></span> <span class='ocrx_word' id='word_1_243' title='bbox 961 3108 1060 3169; x_wconf 78' lang='lat' dir='ltr'><em>neque</em></span> <span class='ocrx_word' id='word_1_244' title='bbox 1082 3087 1210 3153; x_wconf 91' lang='lat' dir='ltr'><em>lectione</em></span> <span class='ocrx_word' id='word_1_245' title='bbox 1233 3087 1371 3152; x_wconf 87' lang='lat' dir='ltr'><em>aliorum</em></span> <span class='ocrx_word' id='word_1_246' title='bbox 1389 3113 1416 3154; x_wconf 83' lang='lat' dir='ltr'><em>so</em></span> 
     </span>
     <span class='ocr_line' id='line_1_32' title="bbox 253 3176 1369 3258; baseline -0.004 -15"><span class='ocrx_word' id='word_1_247' title='bbox 253 3177 393 3243; x_wconf 93' lang='lat' dir='ltr'><em>codicum</em></span> <span class='ocrx_word' id='word_1_248' title='bbox 421 3179 542 3243; x_wconf 90' lang='lat' dir='ltr'><em>medela</em></span> <span class='ocrx_word' id='word_1_249' title='bbox 570 3178 745 3258; x_wconf 80' lang='lat' dir='ltr'><em>adlciletur,</em></span> <span class='ocrx_word' id='word_1_250' title='bbox 781 3198 851 3242; x_wconf 88' lang='lat' dir='ltr'><em>cum</em></span> <span class='ocrx_word' id='word_1_251' title='bbox 884 3183 1013 3241; x_wconf 87' lang='lat' dir='ltr'><em>sanctus</em></span> <span class='ocrx_word' id='word_1_252' title='bbox 1044 3198 1076 3241; x_wconf 88' lang='lat' dir='ltr'><em>sc</em></span> <span class='ocrx_word' id='word_1_253' title='bbox 1105 3176 1209 3257; x_wconf 89' lang='lat' dir='ltr'><em>ipsum</em></span> <span class='ocrx_word' id='word_1_254' title='bbox 1239 3199 1270 3240; x_wconf 85' lang='lat' dir='ltr'><em>a.</em></span> <span class='ocrx_word' id='word_1_255' title='bbox 1295 3183 1369 3240; x_wconf 83' lang='lat'><strong>603.</strong></span> 
     </span>
     <span class='ocr_line' id='line_1_33' title="bbox 252 3265 1371 3347; baseline -0.002 -17"><span class='ocrx_word' id='word_1_256' title='bbox 252 3266 337 3330; x_wconf 88' lang='lat' dir='ltr'><em>iuter</em></span> <span class='ocrx_word' id='word_1_257' title='bbox 365 3272 528 3331; x_wconf 84' lang='lat' dir='ltr'><em>ueteranos</em></span> <span class='ocrx_word' id='word_1_258' title='bbox 556 3286 703 3347; x_wconf 78' lang='lat' dir='ltr'><em>senosque</em></span> <span class='ocrx_word' id='word_1_259' title='bbox 732 3265 968 3330; x_wconf 83' lang='lat' dir='ltr'><em>numeraverit⁷</em></span> <span class='ocrx_word' id='word_1_260' title='bbox 997 3286 1125 3345; x_wconf 81' lang='lat' dir='ltr'><em>eumque</em></span> <span class='ocrx_word' id='word_1_261' title='bbox 1152 3267 1196 3329; x_wconf 90' lang='lat' dir='ltr'><em>ad</em></span> <span class='ocrx_word' id='word_1_262' title='bbox 1217 3286 1371 3329; x_wconf 88' lang='lat' dir='ltr'><em>summam</em></span> 
     </span>
     <span class='ocr_line' id='line_1_34' title="bbox 253 3352 1370 3435; baseline -0.002 -17"><span class='ocrx_word' id='word_1_263' title='bbox 253 3359 437 3419; x_wconf 84' lang='lat' dir='ltr'><em>senectutem</em></span> <span class='ocrx_word' id='word_1_264' title='bbox 465 3354 647 3435; x_wconf 84' lang='lat' dir='ltr'><em>peruenisse</em></span> <span class='ocrx_word' id='word_1_265' title='bbox 680 3375 719 3418; x_wconf 87' lang='lat' dir='ltr'><em>eu</em></span> <span class='ocrx_word' id='word_1_266' title='bbox 752 3353 894 3418; x_wconf 79' lang='lat' dir='ltr'><em>aornim</em></span> <span class='ocrx_word' id='word_1_267' title='bbox 928 3355 972 3417; x_wconf 92' lang='lat' dir='ltr'><em>ad</em></span> <span class='ocrx_word' id='word_1_268' title='bbox 1000 3352 1164 3418; x_wconf 85' lang='lat' dir='ltr'><em>Fidolium</em></span> <span class='ocrx_word' id='word_1_269' title='bbox 1194 3353 1370 3435; x_wconf 86' lang='lat' dir='ltr'><em>collipatur.</em></span> 
     </span>
     <span class='ocr_line' id='line_1_35' title="bbox 253 3441 1372 3524; baseline 0 -18"><span class='ocrx_word' id='word_1_270' title='bbox 253 3442 359 3506; x_wconf 86' lang='lat' dir='ltr'><em>Falsa</em></span> <span class='ocrx_word' id='word_1_271' title='bbox 380 3441 440 3506; x_wconf 90' lang='lat' dir='ltr'><em>dla</em></span> <span class='ocrx_word' id='word_1_272' title='bbox 469 3441 617 3522; x_wconf 90' lang='lat' dir='ltr'><em>opinione</em></span> <span class='ocrx_word' id='word_1_273' title='bbox 645 3442 788 3523; x_wconf 89' lang='lat' dir='ltr'><em>deceptus</em></span> <span class='ocrx_word' id='word_1_274' title='bbox 809 3442 982 3524; x_wconf 86' lang='lat' dir='ltr'><em>imapinem</em></span> <span class='ocrx_word' id='word_1_275' title='bbox 1005 3442 1176 3507; x_wconf 83' lang='lat' dir='ltr'><em>delineavit</em></span> <span class='ocrx_word' id='word_1_276' title='bbox 1197 3465 1218 3506; x_wconf 93' lang='lat' dir='ltr'><em>a</em></span> <span class='ocrx_word' id='word_1_277' title='bbox 1241 3441 1372 3506; x_wconf 87' lang='lat' dir='ltr'><em>ueritate</em></span> 
     </span>
     <span class='ocr_line' id='line_1_36' title="bbox 254 3529 1417 3608; baseline 0.003 -14"><span class='ocrx_word' id='word_1_278' title='bbox 254 3531 331 3594; x_wconf 91' lang='lat' dir='ltr'><em>adeo</em></span> <span class='ocrx_word' id='word_1_279' title='bbox 354 3529 531 3608; x_wconf 88' lang='lat' dir='ltr'><em>distantem,</em></span> <span class='ocrx_word' id='word_1_280' title='bbox 561 3529 655 3594; x_wconf 92' lang='lat' dir='ltr'><em>utin</em></span> <span class='ocrx_word' id='word_1_281' title='bbox 677 3532 892 3595; x_wconf 88' lang='lat' dir='ltr'><em>restauranda</em></span> <span class='ocrx_word' id='word_1_282' title='bbox 914 3531 1043 3597; x_wconf 87' lang='lat' dir='ltr'><em>ecclesia</em></span> <span class='ocrx_word' id='word_1_283' title='bbox 1065 3529 1241 3595; x_wconf 75' lang='lat' dir='ltr'><em>Rodiensi⁸</em></span> <span class='ocrx_word' id='word_1_284' title='bbox 1267 3532 1372 3595; x_wconf 79' lang='lat' dir='ltr'><em>trabes</em></span> <span class='ocrx_word' id='word_1_285' title='bbox 1390 3556 1417 3598; x_wconf 81' lang='lat' dir='ltr'><em>n</em></span> 
     </span>
     <span class='ocr_line' id='line_1_37' title="bbox 254 3617 1371 3699; baseline 0.001 -17"><span class='ocrx_word' id='word_1_286' title='bbox 254 3617 399 3683; x_wconf 88' lang='lat' dir='ltr'><em>immensi</em></span> <span class='ocrx_word' id='word_1_287' title='bbox 419 3618 574 3699; x_wconf 88' lang='lat' dir='ltr'><em>ponderis</em></span> <span class='ocrx_word' id='word_1_288' title='bbox 596 3639 666 3682; x_wconf 91' lang='lat' dir='ltr'><em>cum</em></span> <span class='ocrx_word' id='word_1_289' title='bbox 689 3620 808 3683; x_wconf 87' lang='lat' dir='ltr'><em>duolus</em></span> <span class='ocrx_word' id='word_1_290' title='bbox 830 3621 877 3685; x_wconf 88' lang='lat' dir='ltr'><em>uel</em></span> <span class='ocrx_word' id='word_1_291' title='bbox 899 3619 1001 3684; x_wconf 85' lang='lat' dir='ltr'><em>tribus</em></span> <span class='ocrx_word' id='word_1_292' title='bbox 1023 3619 1119 3684; x_wconf 88' lang='lat' dir='ltr'><em>sociis</em></span> <span class='ocrx_word' id='word_1_293' title='bbox 1141 3618 1281 3684; x_wconf 79' lang='lat' dir='ltr'><em>humeris</em></span> <span class='ocrx_word' id='word_1_294' title='bbox 1303 3618 1371 3684; x_wconf 88' lang='lat' dir='ltr'><em>suis</em></span> 
     </span>
     <span class='ocr_line' id='line_1_38' title="bbox 247 3705 1005 3789; baseline 0 -18"><span class='ocrx_word' id='word_1_295' title='bbox 247 3713 394 3789; x_wconf 87' lang='lat' dir='ltr'><em>portasse</em></span> <span class='ocrx_word' id='word_1_296' title='bbox 416 3707 503 3772; x_wconf 90' lang='lat' dir='ltr'><em>credi</em></span> <span class='ocrx_word' id='word_1_297' title='bbox 525 3705 659 3771; x_wconf 84' lang='lat' dir='ltr'><em>uoluerit</em></span> <span class='ocrx_word' id='word_1_298' title='bbox 679 3728 784 3772; x_wconf 87' lang='lat' dir='ltr'><em>senem</em></span> <span class='ocrx_word' id='word_1_299' title='bbox 806 3709 1005 3789; x_wconf 88' lang='lat' dir='ltr'><em>decrepitum.</em></span> 
     </span>
    </p>

    <p class='ocr_par' dir='ltr' id='par_1_5' title="bbox 254 3795 1372 3969">
     <span class='ocr_line' id='line_1_39' title="bbox 361 3795 1372 3878; baseline 0 -18"><span class='ocrx_word' id='word_1_300' title='bbox 361 3795 522 3876; x_wconf 86' lang='lat' dir='ltr'><em>Inprimis</em></span> <span class='ocrx_word' id='word_1_301' title='bbox 544 3802 647 3860; x_wconf 88' lang='lat' dir='ltr'><em>autem</em></span> <span class='ocrx_word' id='word_1_302' title='bbox 674 3795 711 3861; x_wconf 92' lang='lat' dir='ltr'><em>id</em></span> <span class='ocrx_word' id='word_1_303' title='bbox 732 3797 835 3861; x_wconf 89' lang='lat' dir='ltr'><em>Ionae</em></span> <span class='ocrx_word' id='word_1_304' title='bbox 861 3796 937 3861; x_wconf 87' lang='lat' dir='ltr'><em>uitio</em></span> <span class='ocrx_word' id='word_1_305' title='bbox 967 3798 1109 3862; x_wconf 91' lang='lat' dir='ltr'><em>dandum</em></span> <span class='ocrx_word' id='word_1_306' title='bbox 1138 3803 1191 3878; x_wconf 86' lang='lat' dir='ltr'><em>est,</em></span> <span class='ocrx_word' id='word_1_307' title='bbox 1222 3798 1306 3877; x_wconf 76' lang='lat' dir='ltr'><em>quod</em></span> <span class='ocrx_word' id='word_1_308' title='bbox 1333 3817 1372 3860; x_wconf 91' lang='lat' dir='ltr'><em>ea</em></span> 
     </span>
     <span class='ocr_line' id='line_1_40' title="bbox 254 3883 1372 3969; baseline -0.002 -19"><span class='ocrx_word' id='word_1_309' title='bbox 254 3904 334 3967; x_wconf 77' lang='lat' dir='ltr'><em>quae</em></span> <span class='ocrx_word' id='word_1_310' title='bbox 357 3905 422 3949; x_wconf 92' lang='lat' dir='ltr'><em>nou</em></span> <span class='ocrx_word' id='word_1_311' title='bbox 445 3890 524 3949; x_wconf 90' lang='lat' dir='ltr'><em>recte</em></span> <span class='ocrx_word' id='word_1_312' title='bbox 547 3883 681 3949; x_wconf 77' lang='lat' dir='ltr'><em>sensisse</em></span> <span class='ocrx_word' id='word_1_313' title='bbox 695 3891 875 3969; x_wconf 88' lang='lat' dir='ltr'><em>patronum</em></span> <span class='ocrx_word' id='word_1_314' title='bbox 892 3906 984 3949; x_wconf 87' lang='lat' dir='ltr'><em>suum</em></span> <span class='ocrx_word' id='word_1_315' title='bbox 1003 3884 1139 3951; x_wconf 89' lang='lat' dir='ltr'><em>credidit</em></span> <span class='ocrx_word' id='word_1_316' title='bbox 1155 3891 1212 3949; x_wconf 86' lang='lat' dir='ltr'><em>aut</em></span> <span class='ocrx_word' id='word_1_317' title='bbox 1234 3904 1314 3965; x_wconf 77' lang='lat' dir='ltr'><em>quac</em></span> <span class='ocrx_word' id='word_1_318' title='bbox 1333 3885 1372 3948; x_wconf 91' lang='lat' dir='ltr'><em>de</em></span> 
     </span>
    </p>

    <p class='ocr_par' dir='ltr' id='par_1_6' title="bbox 162 3971 1418 4054">
     <span class='ocr_line' id='line_1_41' title="bbox 162 3971 1418 4054; baseline 0.006 -20"><span class='ocrx_word' id='word_1_319' title='bbox 162 3992 237 4045; x_wconf 62' lang='lat' dir='ltr'><em>⁸usi.</em></span> <span class='ocrx_word' id='word_1_320' title='bbox 253 3971 408 4038; x_wconf 85' lang='lat' dir='ltr'><em>institutis</em></span> <span class='ocrx_word' id='word_1_321' title='bbox 426 3972 494 4038; x_wconf 91' lang='lat' dir='ltr'><em>eius</em></span> <span class='ocrx_word' id='word_1_322' title='bbox 509 3973 638 4038; x_wconf 89' lang='lat' dir='ltr'><em>iuterim</em></span> <span class='ocrx_word' id='word_1_323' title='bbox 652 3973 819 4039; x_wconf 90' lang='lat' dir='ltr'><em>immutata</em></span> <span class='ocrx_word' id='word_1_324' title='bbox 835 3980 929 4038; x_wconf 91' lang='lat' dir='ltr'><em>eraut</em></span> <span class='ocrx_word' id='word_1_325' title='bbox 944 3973 1052 4039; x_wconf 86' lang='lat' dir='ltr'><em>omnia</em></span> <span class='ocrx_word' id='word_1_326' title='bbox 1068 3973 1206 4038; x_wconf 85' lang='lat' dir='ltr'><em>consulto</em></span> <span class='ocrx_word' id='word_1_327' title='bbox 1222 3973 1372 4054; x_wconf 76' lang='lat' dir='ltr'><em>*praeter</em></span> <span class='ocrx_word' id='word_1_328' title='bbox 1389 4001 1418 4041; x_wconf 75' lang='lat' dir='ltr'><em>io</em></span> 
     </span>
    </p>
   </div>
   <div class='ocr_carea' id='block_1_3' title="bbox 254 4164 1372 4371">
    <p class='ocr_par' dir='ltr' id='par_1_7' title="bbox 254 4164 1372 4371">
     <span class='ocr_line' id='line_1_42' title="bbox 256 4164 1372 4233; baseline 0 -14"><span class='ocrx_word' id='word_1_329' title='bbox 256 4165 330 4219; x_wconf 84' lang='lat' dir='ltr'><em>1r.</em></span> <span class='ocrx_word' id='word_1_330' title='bbox 350 4164 465 4218; x_wconf 68' lang='lat' dir='ltr'><em>maai.</em></span> <span class='ocrx_word' id='word_1_331' title='bbox 484 4165 564 4228; x_wconf 85' lang='lat' dir='ltr'><em>1‚1s.</em></span> <span class='ocrx_word' id='word_1_332' title='bbox 619 4167 646 4233; x_wconf 76' lang='lat' dir='ltr'><em>s)</em></span> <span class='ocrx_word' id='word_1_333' title='bbox 669 4166 711 4221; x_wconf 80' lang='lat' dir='ltr'><em>rc.</em></span> <span class='ocrx_word' id='word_1_334' title='bbox 731 4166 811 4232; x_wconf 68' lang='lat' dir='ltr'><em>an.</em></span> <span class='ocrx_word' id='word_1_335' title='bbox 831 4168 874 4220; x_wconf 79' lang='lat' dir='ltr'><em>ro.</em></span> <span class='ocrx_word' id='word_1_336' title='bbox 930 4165 1122 4231; x_wconf 81' lang='lat' dir='ltr'><em>s)1c.1,20.</em></span> <span class='ocrx_word' id='word_1_337' title='bbox 1178 4164 1372 4230; x_wconf 77' lang='lat' dir='ltr'><em>4)1a.1,26.</em></span> 
     </span>
     <span class='ocr_line' id='line_1_43' title="bbox 254 4234 1371 4371; baseline 0.002 -84"><span class='ocrx_word' id='word_1_338' title='bbox 254 4235 344 4371; x_wconf 37' lang='grc' dir='ltr'><em>ᾖ)</em></span> <span class='ocrx_word' id='word_1_339' title='bbox 364 4236 404 4301; x_wconf 87' lang='lat'><em>11,</em></span> <span class='ocrx_word' id='word_1_340' title='bbox 418 4238 460 4291; x_wconf 79' lang='grc' dir='ltr'><em>ιο.</em></span> <span class='ocrx_word' id='word_1_341' title='bbox 522 4238 549 4306; x_wconf 75' lang='lat' dir='ltr'><em>c)</em></span> <span class='ocrx_word' id='word_1_342' title='bbox 568 4237 612 4291; x_wconf 79' lang='lat' dir='ltr'><em>rc.</em></span> <span class='ocrx_word' id='word_1_343' title='bbox 631 4238 655 4303; x_wconf 81' lang='lat' dir='ltr'><em>r,</em></span> <span class='ocrx_word' id='word_1_344' title='bbox 669 4239 695 4291; x_wconf 87' lang='lat'><em>4.</em></span> <span class='ocrx_word' id='word_1_345' title='bbox 760 4236 1094 4304; x_wconf 60' lang='lat' dir='ltr'><em>usucaptione.</em></span> <span class='ocrx_word' id='word_1_346' title='bbox 1156 4234 1184 4305; x_wconf 82' lang='lat' dir='ltr'><em>s)</em></span> <span class='ocrx_word' id='word_1_347' title='bbox 1204 4235 1235 4290; x_wconf 83' lang='lat' dir='ltr'><em>r.</em></span> <span class='ocrx_word' id='word_1_348' title='bbox 1256 4236 1371 4290; x_wconf 70' lang='lat' dir='ltr'><em>aalma.</em></span> 
     </span>
    </p>
   </div>
   <div class='ocr_carea' id='block_1_4' title="bbox 0 0 1507 4928">
    <p class='ocr_par' dir='ltr' id='par_1_8' title="bbox 0 0 1507 4928">
     <span class='ocr_line' id='line_1_44' title="bbox 0 0 1507 4928; baseline 0 0"><span class='ocrx_word' id='word_1_349' title='bbox 0 0 1507 4928; x_wconf 95' lang='lat' dir='ltr'><em> </em></span> 
     </span>
    </p>
   </div>
  </div>
 </body>
</html>
