2978 4928
257 389 290 442 12
375 353 377 357 V
468 382 595 452 IONAS,
607 381 729 438 VITAE
748 380 977 436 COLUMBANI
994 379 1104 436 LIBRI
1122 381 1161 438 H.

254 566 345 632 missi
361 568 407 632 ad
424 563 614 647 Greqorium
633 563 800 645 pervenire
815 562 1032 644 nequiverant,
1056 570 1235 645 mortuoque
1251 567 1375 632 demum

253 655 332 738 ipso,
364 657 407 720 ad
435 674 640 719 successorem
671 675 701 716 o.
727 658 801 716 604.
832 651 956 716 litteras
985 652 1063 716 dare
1093 652 1224 735 contiqit
1250 653 1297 718 ita
1326 654 1374 719 in-

254 743 418 825 cipientes:
440 744 516 807 Iam
541 744 601 806 diu
618 763 735 808 omnes
753 737 829 819 (sor.
846 741 943 824 vosl)
961 742 1035 806 sedi
1055 742 1265 824 spostolicae
1281 765 1374 827 prae-

254 834 405 898 sidentes
418 832 634 896 dulcissimos
651 832 809 895 omnibus
825 830 1000 914 praesules
1016 830 1177 894 fidelibus
1193 853 1233 896 ae
1250 833 1373 897 merito

253 922 435 1007 eposioliei
458 921 598 985 honoris
622 919 922 985 reverendissimos
946 922 1061 1001 paires
1084 920 1224 984 visitare
1248 922 1406 1003 spiritus

253 1015 289 1076 eb
324 1010 494 1076 consolari
529 1010 680 1092 cupiens
716 1029 809 1072 nuno
840 1027 947 1090 usque
976 1008 1066 1072 votis
1097 1042 1140 1050 -
1172 1002 1372 1075 sniisfdoere

253 1121 322 1164 non
353 1100 461 1184 potui.
509 1098 561 1162 Ne
583 1097 692 1161 eadem
717 1095 855 1176 iteraret,
886 1095 1038 1178 epistulas
1060 1094 1191 1177 priores
1218 1096 1373 1179 Greporio

253 1209 318 1252 non
341 1186 478 1251 truditas
500 1183 672 1250 successori
694 1183 928 1249 euuutuuuaus
949 1183 1161 1249 Columbanus
1179 1185 1288 1250 obtulit
1305 1206 1373 1250 una

254 1297 323 1340 cum
353 1275 489 1357 epistula
518 1276 563 1339 ad
590 1272 804 1355 episcoporum
832 1271 1074 1338 Gallicanorum
1104 1275 1258 1356 spnodum
1284 1275 1370 1339 datu.

257 1362 535 1429 Tumultuantibus
573 1361 683 1445 polius
719 1382 815 1443 quom
852 1360 1120 1426 ratiocinantibus
1164 1361 1420 1443 adversariis,1o

254 1451 454 1518 auctoritatis
475 1451 610 1533 papalis
632 1449 819 1516 sententiam
843 1449 982 1530 ambivit,
1012 1456 1048 1514 ut
1069 1449 1132 1515 sibi
1154 1449 1373 1515 laborantibus

253 1541 432 1606 subveniret
459 1539 677 1621 seniorumque
703 1560 832 1604 suorum
862 1537 1066 1604 traditionem
1096 1541 1307 1620 confirmaret,
1337 1546 1374 1604 ut
1415 1540 1418 1546 '

253 1629 350 1694 ritum
373 1629 523 1711 pascbae,
554 1628 636 1693 sicut
657 1627 857 1710 accepissent,
887 1627 1049 1693 iudicante
1076 1631 1181 1693 eodem
1209 1629 1373 1693 observare

247 1725 379 1800 possent
405 1717 443 1782 in
464 1717 727 1802 pereprinutione
756 1738 824 1781 sua.
877 1716 1045 1782 Contendit
1072 1722 1176 1781 autem
1197 1716 1235 1780 in
1257 1717 1373 1798 patria

253 1829 285 1872 se
308 1807 412 1872 vivere
440 1805 477 1872 in
506 1805 638 1871 desertis
659 1807 798 1870 sedentes
820 1825 918 1886 neque
945 1806 1028 1869 ullus
1055 1804 1223 1870 (loliorum
1245 1805 1419 1887 repulesio

252 1895 444 1977 recipientes,
477 1895 618 1977 nullique
644 1893 765 1959 molesti
786 1895 914 1976 repulus
936 1893 1096 1958 seniorum
1122 1915 1250 1958 suorum
1273 1895 1372 1958 obser-

252 1991 362 2050 vantes
377 1983 566 2066 perturbari
588 1984 745 2048 nolebant.
792 1983 892 2048 Salva
917 1981 1018 2063 iqitur
1040 1982 1267 2048 ecclesiasticae
1290 2003 1372 2063 pace

252 2072 388 2138 unitatis
409 2072 476 2138 iam
493 2072 579 2138 inter
599 2072 710 2137 Gallos
725 2073 835 2152 depere
858 2070 1090 2152 desiderabant,
1113 2069 1149 2136 id
1171 2073 1254 2152 quod
1275 2069 1372 2135 etiam

253 2163 292 2227 ab
315 2161 395 2243 ipsis
418 2160 569 2243 episcopis
597 2160 810 2227 Columbanus
838 2159 876 2223 in
905 2160 1039 2240 epistula
1062 2161 1268 2241 praecedente
1291 2159 1371 2240 peti-

252 2252 372 2315 verace
419 2249 565 2330 Denique
600 2247 680 2314 actis
714 2247 842 2314 concilii
873 2246 1216 2331 Constantinopolitani
1238 2248 1292 2312 ΙΙ.
1321 2248 1371 2314 iu·
1390 2274 1419 2313 so

253 2337 377 2419 nititur,
401 2344 436 2402 ut
454 2337 521 2402 suis
537 2338 665 2419 leqibus,
689 2335 771 2401 sind
791 2359 813 2401 a
829 2335 980 2417 patribus
995 2339 1119 2402 edoctae
1133 2344 1242 2418 essent,
1266 2336 1371 2402 vivere

253 2427 360 2492 liceret
382 2425 519 2491 ecclesiis
547 2425 584 2489 in
607 2424 757 2490 barbaris
777 2424 923 2507 pentibus
946 2425 1129 2507 constitutis,
1163 2426 1220 2490 etsi
1243 2428 1280 2490 de
1303 2425 1372 2490 suis

253 2513 372 2596 leqibus
409 2513 492 2579 nibil
529 2513 646 2578 ibidem
683 2512 827 2595 leqitur3,
869 2513 1063 2595 nimiumque
1101 2521 1291 2596 orropanter
1329 2515 1373 2579 ad

253 2623 405 2669 canonem
427 2602 518 2668 illum
540 2624 663 2685 papam
686 2602 848 2684 deleqavit,
878 2602 972 2684 quasi
995 2603 1128 2668 barbari
1150 2603 1288 2683 fuissent
1309 2602 1370 2684 epi·

252 2691 338 2773 scopi
365 2690 530 2757 Gallicani
551 2713 620 2756 una
643 2713 712 2756 eum
735 2689 871 2756 Victorio
894 2711 959 2756 suo.
1390 2716 1420 2756 ss

360 2796 508 2879 Denique
531 2820 561 2863 a.
580 2803 653 2863 607.
680 2798 778 2863 Scoiti
800 2797 891 2862 terlio
914 2799 992 2862 luna
1013 2797 1115 2863 XIV.
1140 2797 1218 2880 cpoli
1242 2797 1371 2862 Victori-

253 2886 321 2968 ani,
346 2886 398 2952 die
420 2886 539 2952 scilicet
559 2893 608 2951 16.
625 2886 763 2970 Aprilis,
782 2887 907 2968 paseba
925 2887 1132 2966 celebrabant,
1156 2886 1245 2951 Galli
1268 2892 1373 2950 autem

253 2975 430 3057 insequenti
453 2976 504 3042 die
527 2975 694 3042 dominico.
741 2975 894 3058 Episcopi
923 2974 1055 3057 spnodis
1077 2975 1240 3040 celebratis
1262 2980 1373 3040 contra

246 3065 438 3150 pereqrinos
460 3088 482 3130 o
505 3064 808 3148 conprovincialium
830 3064 971 3129 moribus
993 3064 1196 3129 desciscentes
1218 3085 1252 3128 eo
1275 3083 1373 3143 usqne

252 3155 342 3220 baud
362 3155 494 3220 mulium
517 3154 694 3235 effecerant,
718 3153 785 3218 nisi
807 3154 915 3233 fallor,
943 3174 977 3218 eo
1000 3155 1084 3234 quod
1098 3151 1265 3234 praesidio
1288 3151 1374 3234 repis
1392 3177 1421 3216 so

255 3361 281 3432 1)
309 3363 410 3414 Scilicet
435 3361 483 3414 diu
507 3378 557 3414 uos
577 3378 631 3428 pro
652 3361 699 3413 diu
716 3364 748 3414 bb
766 3364 813 3426 (=
834 3366 954 3428 omnes);
978 3361 1373 3429 cf.Me.,np.111,p.165,

255 3436 272 3488 l.
287 3436 335 3488 22:
354 3432 457 3501 advos,
473 3437 511 3484 ut
527 3431 619 3498 dixi,
637 3432 800 3499 apostolicos
811 3435 911 3500 patres.
941 3434 1137 3498 Intelleqnntur
1149 3434 1207 3484 sodi
1218 3433 1374 3500 apostolicae

250 3505 434 3572 prucsimntes
450 3511 473 3554 et
488 3505 635 3570 Grcporins
653 3511 676 3554 et
694 3519 823 3556 successor
841 3505 928 3569 ipsius
946 3510 1024 3570 atque
1041 3505 1109 3554 ‘diu'
1127 3505 1163 3554 od
1180 3504 1255 3556 illius
1271 3510 1374 3570 tempus

254 3576 427 3639 referendum
442 3580 488 3626 est.
542 3576 571 3640 2)
594 3574 693 3636 Confer
708 3592 736 3641 p.
751 3577 811 3640 165,
831 3574 847 3627 l.
861 3577 905 3628 27.
922 3590 981 3625 oum
994 3593 1024 3642 p.
1039 3576 1100 3639 162,
1119 3575 1135 3633 l,
1148 3577 1191 3629 21.
1217 3575 1373 3641 Epistulam

254 3646 309 3701 ΙΙΙ.
330 3647 366 3696 ad
384 3647 559 3710 Bonifacium
571 3645 621 3697 IV.
641 3643 917 3710 acommodatum
937 3661 990 3697 osse
1013 3647 1110 3697 moluit
1134 3661 1216 3712 quam
1241 3647 1278 3696 ad
1296 3645 1374 3696 Sabi·
1392 3654 1421 3696 ss

254 3720 378 3781 mianum,
396 3717 504 3782 Huuclc,
523 3715 748 3781 ‘Kumcuueuu'
760 3716 784 3782 I,
799 3715 876 3782 601⁸,
896 3717 942 3767 vio:
959 3723 1034 3771 recte.
1072 3717 1138 3768 Cum
1162 3719 1232 3768 enim
1257 3719 1287 3767 in
1312 3719 1374 3782 ipsa

256 3788 435 3841 Columbanus
462 3803 570 3840 causum
598 3788 672 3854 apud
698 3789 782 3839 sedem
809 3789 980 3853 apostolicum
1004 3793 1155 3855 persecutus
1181 3790 1217 3840 sit
1243 3788 1374 3852 Gveqmio

253 3861 354 3913 sedente
372 3861 511 3925 inceptam,
535 3873 642 3924 cumque
659 3859 788 3924 epistulas
804 3860 863 3910 sodi
878 3859 1034 3926 apostolicae
1052 3865 1115 3909 tunc
1132 3860 1285 3923 tradiderit,
1306 3874 1375 3924 quas

255 3931 298 3982 illi
315 3935 393 3981 anno
407 3930 588 3997 portitoribus
606 3929 738 3995 impeditis
750 3930 856 3982 trudere
874 3934 1035 3996 nequiverat,
1052 3930 1231 3996 eumdemque
1246 3945 1314 3995 quae
1332 3929 1376 3980 illi

253 4003 401 4068 scripserat
425 4017 455 4052 ea
480 4003 580 4052 iterare
604 4001 727 4065 noluerit,
751 4001 782 4052 de
801 4001 856 4052 olio
875 4006 952 4067 atque
976 4017 1004 4053 eo
1022 4003 1070 4067 qui
1086 4001 1130 4051 illi
1153 4003 1208 4067 ipsi
1229 4002 1374 4068 praecimus
1393 4011 1425 4051 40

254 4079 415 4125 successerat
429 4088 505 4138 papa
524 4087 581 4122 meu
599 4072 703 4138 quidem
721 4074 845 4139 opinione
859 4075 977 4138 capitam
994 4074 1041 4123 ain
1059 4072 1124 4126 licet.
1203 4074 1229 4137 3)
1254 4071 1375 4122 Canones

253 4160 315 4210 qm:
333 4141 401 4194 κατὰ
419 4141 466 4210 τὴν
484 4141 652 4210 κρατήσασαν
670 4142 812 4211 συνήθειαν
829 4142 901 4210 παρὰ
917 4149 970 4195 τῶν
985 4141 1122 4208 navigium·
1142 4144 1204 4196 lat:
1222 4139 1374 4194 seeundum

255 4217 365 4283 patrum
392 4230 461 4280 quae
485 4217 593 4266 servata
618 4218 658 4266 est
684 4213 909 4267 consuetudinem
933 4214 1047 4281 (Mansi,
1068 4214 1143 4268 eom.
1162 4213 1217 4278 ΙΙΙ,
1232 4216 1313 4274 559),·
1338 4214 1373 4276 cf.

256 4284 392 4350 Maossen,
419 4285 519 4340 ‘Gesclu
545 4286 572 4338 d.
592 4284 698 4348 Quellen
723 4287 748 4341 d.
775 4286 948 4338 cononiscbeu
967 4285 1071 4338 Rccbls’
1088 4284 1111 4352 I,
1129 4287 1196 4339 944:
1223 4281 1374 4337 secundum

256 4354 327 4408 hanc
345 4371 415 4423 quoe
434 4355 507 4424 apud
524 4359 616 4424 putres
635 4356 803 4410 consuetudo
823 4355 950 4425 optinuit.
1125 4395 1129 4404 .
1393 4365 1425 4406 4⁶
