2978 4928
91 998 124 1048 *μ
134 999 168 1037 36.

187 344 222 398 58
400 340 524 410 10NAS,
537 340 659 395 VITAE
678 339 905 397 COLUMBANI
924 340 1032 396 LIBRI
1049 341 1088 398 11.

400 545 534 601 manue,
573 525 748 608 oppidum,
788 524 1021 608 psallentium,
1061 528 1144 602 rete,
1180 527 1302 604 salum,

400 614 521 690 solum,
550 634 617 687 vas,

347 698 378 783 3)
400 702 475 781 fem.
490 722 553 783 pro
567 722 683 766 moso:
700 723 805 778 amor,
823 703 934 778 ardor,
951 702 1088 786 auligae
1105 698 1164 782 (=
1176 703 1303 784 aulici),

396 811 468 870 pen.
493 791 658 875 caligam,
689 811 753 855 acc.
777 791 921 874 caligas,
952 791 1039 867 finis,
1069 791 1188 869 fomes,
1213 793 1302 870 fons,

399 880 526 962 fragor,
536 881 655 956 honor,
666 879 766 962 ignis,
775 879 878 957 latex,
889 879 1017 964 poples,
1029 900 1139 963 sopor,
1148 884 1303 959 truncus,
1323 903 1336 943 s

335 964 381 1053 ’4)
404 968 479 1047 fem.
509 988 571 1049 pro
612 973 732 1031 neuton:
770 970 964 1033 confectam
1002 989 1128 1046 arvam,
1170 990 1303 1053 corpus,

400 1057 490 1120 ostia
513 1077 574 1141 per
596 1077 690 1140 quas,
714 1057 807 1120 inira
830 1059 973 1140 sepiam,
997 1078 1066 1140 qua
1089 1058 1221 1137 scisma,

233 1145 368 1211 oratio
398 1144 527 1224 obliqua
559 1145 742 1225 frequenter
771 1144 923 1225 adnibito,
953 1145 1180 1225 praetermisso
1213 1149 1305 1212 endo

401 1233 557 1297 sentiendi
579 1234 626 1298 oet
649 1233 844 1314 declarandi,
876 1239 967 1314 atque
997 1255 1067 1298 cum
1093 1234 1212 1300 directa
1236 1257 1305 1301 con-

401 1327 523 1386 stanter
532 1321 695 1402 permisto,
707 1321 951 1402 pronominibus
961 1322 1088 1403 primae
1105 1329 1134 1388 et
1150 1326 1306 1390 secundae
1324 1347 1351 1386 ιο

396 1431 553 1491 personae
577 1409 683 1491 (mihi,
707 1412 783 1488 cibi,
807 1415 852 1489 te,
877 1405 970 1494 tuus)
995 1410 1111 1492 positis
1138 1433 1237 1494 noane
1260 1435 1305 1478 re·

402 1498 539 1580 decinis,
570 1499 703 1580 denique
731 1521 799 1564 una
822 1500 959 1564 alterare
981 1499 1171 1582 interrupta,
1202 1501 1249 1566 ita
1271 1508 1307 1566 ut

403 1609 442 1651 ea
457 1587 634 1668 obliquam
649 1587 802 1653 directam
821 1587 977 1652 transitus
994 1590 1056 1667 fiat
1072 1595 1102 1654 et
1119 1589 1185 1655 oice
1202 1611 1304 1672 uersa,

234 1699 312 1744 acc.
336 1699 361 1743 c.
385 1676 461 1756 inf.
480 1683 645 1757 postem,
671 1682 830 1760 quantae,

227 1765 567 1850 praepositiones
586 1765 675 1831 casui
687 1766 899 1847 postpositae:
917 1787 953 1830 se
973 1772 1103 1846 eontra,
1124 1789 1159 1832 se
1180 1789 1304 1844 eoram,
1325 1789 1351 1828 ιο
1439 1799 1445 1814 ·

350 1878 385 1921 se
400 1857 501 1932 inter,
519 1860 628 1920 semet
643 1857 744 1933 inira,
762 1856 996 1939 semetipsum
1014 1857 1116 1934 inira,
1137 1859 1205 1922 fine
1221 1859 1305 1921 sine.

296 1963 342 2028 In
385 1969 429 2027 tot
471 1961 661 2027 soloecismis
698 1982 831 2043 aequum
868 1961 1025 2026 arbitrum
1062 1961 1181 2028 sinceri
1218 1963 1307 2027 iilius

189 2052 329 2118 auctoris
351 2053 474 2116 labores
497 2072 562 2115 non
584 2050 717 2133 facient.
765 2051 851 2114 Sone
876 2050 1083 2130 manifestum
1105 2057 1158 2132 est,
1189 2052 1307 2116 Ionam

190 2140 328 2206 sermoni
349 2141 513 2206 excolendo
535 2161 691 2204 summam
712 2159 840 2219 operam
862 2137 984 2204 dedisse
1007 2146 1207 2221 auctoresque
1230 2141 1307 2205 ctos-

189 2229 272 2294 sicos
287 2229 453 2310 ditipenter
468 2228 626 2292 imitatum
641 2248 715 2307 esse,
738 2226 786 2292 ita
800 2234 836 2291 ut
849 2228 896 2291 od
911 2248 996 2292 more
1011 2227 1152 2293 Liuiano
1171 2229 1308 2311 capitata
1324 2250 1353 2290 oo

190 2324 371 2382 sanctornm
399 2338 527 2380 suorum
557 2315 700 2380 oratione
728 2315 855 2397 obdiam
889 2336 1041 2397 exponere
1074 2321 1306 2400 apprederetur,

191 2427 289 2488 neque
311 2405 427 2470 studiis
447 2404 551 2485 r'psius
572 2425 746 2469 successum
767 2403 904 2482 defuisse
927 2412 1132 2487 conatumque
1154 2413 1184 2472 et
1204 2406 1308 2488 ipsum

191 2496 386 2559 laudandum
411 2514 485 2570 esse,
508 2493 654 2574 quamvis
675 2495 720 2557 ad
740 2495 836 2572 finem
863 2514 928 2558 aon
951 2495 1154 2575 peruenisset.
1200 2495 1308 2577 Ipitnr

191 2583 229 2649 in
258 2585 362 2647 eodem
391 2588 516 2647 auctore
545 2588 575 2645 et
601 2581 754 2646 dictiones
783 2581 910 2664 linquae
940 2583 1074 2663 optimae
1108 2589 1137 2647 et
1167 2583 1308 2666 exempta

186 2671 345 2754 pessimae
362 2667 402 2748 (e.
417 2691 466 2752 pr.
491 2675 531 2734 ut
554 2692 597 2735 ne
614 2697 655 2722 =
672 2691 720 2751 ne,
743 2672 890 2736 limitem
907 2698 949 2723 =
965 2671 1075 2754 limen)
1099 2673 1308 2754 vocabuloque
1325 2693 1352 2733 a

192 2761 334 2826 barbara
368 2759 573 2843 (barridiiaa
608 2761 781 2838 facidiiaS,
812 2758 953 2845 gavisio)
984 2762 1139 2842 teountur.
1186 2760 1307 2842 Hapio-

189 2849 324 2932 prophis
340 2848 570 2931 posterioribus
592 2848 695 2913 oratio
713 2849 790 2914 haec
807 2849 936 2914 cariata
954 2848 1153 2930 artificioque
1171 2851 1306 2930 quodam

191 2938 343 3004 distincta
364 2938 524 3003 imitanda
547 2937 706 3020 apparuit,
729 2937 778 3002 ita
795 2945 831 3003 ut
846 2937 884 3002 in
902 2937 1009 3002 multis
1031 2944 1211 3003 sanctorum
1233 2937 1308 3002 uitis

190 3029 239 3093 oet
260 3029 355 3092 mutto
372 3034 447 3109 post
468 3026 654 3109 conscriptis
677 3026 829 3091 dictiones
846 3029 947 3092 Ionae
964 3027 1118 3109 propriae
1141 3028 1307 3108 deprenen-

191 3119 319 3183 dantur.
379 3117 464 3182 Sane
502 3118 540 3180 de
574 3116 752 3181 litterarum
785 3123 870 3181 stata
906 3115 943 3179 in
981 3115 1102 3180 Galliis
1135 3136 1174 3180 eu
1206 3115 1308 3179 modio
1325 3137 1351 3177 so

191 3226 270 3270 saec.
307 3205 388 3269 VH.
420 3205 529 3286 aliquo
563 3206 652 3268 modo
686 3205 889 3269 revirescente
926 3224 991 3269 non
1024 3206 1123 3269 sotum
1157 3203 1308 3285 mapister

192 3293 303 3374 optime
325 3293 455 3358 meritus
477 3300 530 3374 est,
554 3294 610 3357 sed
625 3292 721 3358 etiam
737 3292 929 3376 diopraphus
943 3292 1053 3375 ipsius,
1078 3293 1129 3358 cni
1144 3299 1174 3357 et
1185 3291 1307 3374 pioriae

186 3389 313 3463 partem
334 3381 494 3446 reseruari
515 3382 633 3446 iustum
656 3403 847 3463 manumque
870 3403 935 3446 esse
957 3382 1118 3446 existumo.

299 3470 350 3533 Eo
372 3476 506 3551 tempore
528 3490 588 3550 qao
611 3469 702 3534 Vitae
722 3470 910 3535 Columbani
924 3469 1040 3535 tibrum
1058 3471 1192 3534 atterum
1206 3471 1308 3534 Ionas

192 3559 346 3624 eaarabat
373 3565 403 3623 et
425 3558 592 3623 Honorias
613 3559 726 3639 popa1
753 3556 783 3641 (†
807 3558 882 3640 638)
906 3565 935 3624 et
955 3559 1156 3641 Dapobertus
1178 3561 1257 3623 reu²
1279 3564 1309 3621 et
1326 3578 1353 3618 ss

192 3646 282 3729 Acca
311 3647 416 3712 maior
437 3649 547 3712 doinus
576 3642 607 3730 (†
630 3642 706 3730 641)
728 3647 845 3712 mortni
873 3654 967 3712 erant
994 3647 1121 3729 sedique
1144 3645 1307 3712 Viroman-

192 3737 283 3801 dcnsi
298 3735 428 3818 Etipius
449 3735 611 3817 episcopus
627 3737 819 3818 praeerat³;
842 3735 981 3801 triennio
1004 3743 1116 3816 annm,
1140 3742 1307 3817 antequam

191 3826 377 3890 mandatnm
410 3831 597 3906 susceperat,
636 3824 805 3905 Bertuifus
842 3826 941 3890 aibas
973 3825 1144 3891 etiamtunc
1176 3823 1306 3904 vivebat,

192 3934 282 3995 quem
305 3936 329 3980 c.
346 3936 377 3978 a.
396 3920 470 3977 639.
489 3919 646 3979 mortuum
664 3936 729 3980 esse
744 3913 872 3980 conieci.
907 3915 1021 3994 Itaque
1039 3913 1174 3979 atterum
1190 3913 1308 3978 tibrum

191 4002 362 4068 uerisimile
391 4009 437 4068 est
465 4025 490 4068 c.
514 4026 545 4067 a.
570 4008 644 4068 642.
669 4003 869 4086 compositum
898 4025 976 4083 esse,
1007 4004 1169 4083 eodemque
1198 4008 1308 4066 auctor
1325 4022 1353 4062 a

196 4090 431 4156 Chronicarnm
464 4113 545 4174 quae
578 4093 772 4176 Fredeaarii
805 4090 932 4156 nomine
968 4090 1237 4169 circumferuntur
1270 4091 1308 4154 de

300 4249 327 4314 1)
346 4247 377 4302 V.
397 4249 512 4303 Colnmb.
529 4250 568 4314 II,
583 4253 626 4304 23.
698 4250 726 4314 2)
747 4247 901 4312 lo.11,17.
974 4246 1001 4315 3)
1020 4246 1061 4302 lo.
1078 4247 1117 4313 II,
1131 4249 1173 4301 10.
1198 4246 1309 4312 Elimas

192 4319 235 4370 dic
254 4321 296 4372 13.
310 4317 381 4368 Mati·
398 4333 425 4370 o.
438 4319 498 4373 641.
517 4326 684 4372 consecratus
701 4323 757 4382 cct;
775 4319 811 4382 cf.
830 4317 888 4371 Sor.
906 4333 960 4371 rer.
981 4318 1079 4373 Meron.
1097 4317 1150 4384 IV,
1165 4333 1195 4384 p.
1209 4320 1271 4373 638.
