2978 4928
224 347 259 400 30
437 339 563 410 IONAS,
575 339 694 394 VITAE
713 337 943 394 COLUMBANI
960 336 1069 392 LIBRI
1087 335 1127 398 Π.

223 544 296 589 uero
325 523 429 589 adhuc
457 522 624 605 quisquam
658 543 786 604 operam
820 520 914 601 dedit,
949 527 985 585 ut
1017 519 1112 586 certis
1146 520 1345 603 arqumentis

223 633 331 677 oerum
360 619 517 677 auctorem
545 610 760 692 inoestiqaret.
813 607 1006 691 Antiquarii
1035 610 1184 675 nonnuiti
1213 609 1344 676 decimes

223 701 525 783 aryumentationem
541 721 637 782 quam
652 700 790 765 manime
804 698 1008 764 temerariam
1023 719 1062 764 eu
1076 698 1137 764 hac
1152 699 1344 781 expositione

223 790 455 870 concluserunt,
494 789 612 855 scilicet
652 788 881 854 Columbinum
918 787 1101 870 linquarum
1140 809 1206 853 non
1241 788 1343 853 solum

221 899 363 960 praseae,
387 878 560 944 sedetiam
589 877 756 943 hebraicae
781 876 920 958 peritum
950 875 1059 957 fuisse,
1090 875 1186 941 immo
1215 897 1254 941 erc
1282 877 1375 944 toacs

223 966 336 1050 linqua
353 967 545 1049 psalterium
567 966 604 1030 in
627 965 763 1031 latinam
786 964 988 1030 transtulisse
998 966 1018 1045 1,
1049 966 1134 1030 unde
1163 965 1344 1030 litterarum

126 1078 161 1129 ῳ,
171 1080 205 1118 19.
222 1056 388 1122 scientiam
413 1057 588 1122 Scottorum
613 1056 661 1119 *eo
685 1053 782 1119 attius
805 1053 917 1132 efferre
934 1055 1148 1135 potnerunt2,·
1176 1056 1233 1121 sed
1247 1076 1343 1136 prae-

223 1144 306 1224 fatio
329 1166 393 1226 qua
416 1144 564 1209 nituntur
580 1143 691 1226 potius
712 1141 907 1225 Hieronymi
928 1142 1112 1224 interpretis
1140 1150 1194 1224 est,
1225 1143 1344 1209 seilicet

223 1233 359 1315 epistula
382 1235 426 1299 ad
449 1231 663 1315 Sophronium
685 1233 794 1297 data3.
847 1231 970 1297 Auctor
998 1238 1109 1297 contra
1138 1231 1344 1313 expositionis

224 1328 347 1387 tautum
376 1323 501 1403 aberat,
536 1328 679 1386 monento
701 1321 743 1384 A.
768 1320 895 1404 Peyron
903 1321 925 1402 4,
960 1325 996 1384 ut
1025 1319 1207 1386 hebraicam
1236 1321 1344 1386 doctus
1362 1345 1388 1385 ιο

224 1418 302 1476 esset
324 1411 475 1493 linquam,
499 1417 534 1474 ut
556 1432 626 1475 cam
649 1431 718 1475 cum
740 1408 869 1492 syriaca
885 1415 1038 1491 perpetuo
1058 1409 1238 1488 confuderit
1252 1416 1344 1492 atque

217 1499 448 1582 primiqeuium
483 1505 599 1564 tectum
629 1519 876 1564 commemorans
909 1519 975 1562 non
1009 1504 1169 1563 assecutus
1202 1497 1245 1563 sit
1275 1520 1343 1581 yer-

223 1610 355 1654 manum
377 1588 445 1653 eius
467 1610 602 1654 sensnm.
654 1587 882 1653 Columbannm
903 1587 1010 1671 ipsum
1033 1586 1220 1668 peritiorem
1242 1587 1343 1666 fuisse

224 1698 263 1743 eoo
285 1677 543 1759 interpretatione
564 1679 786 1742 uocabulorum
808 1677 1034 1741 nonnullorum
1062 1674 1193 1740 minime
1223 1677 1344 1742 concia-

224 1767 361 1831 deudum
383 1772 436 1848 est,
460 1765 574 1849 qnippe
596 1787 677 1848 quac
699 1787 738 1832 eor
761 1765 963 1831 onmaasticn's
977 1764 1172 1847 Hieronymi
1194 1765 1388 1830 aliorum-15

123 1929 125 1935 s
225 1875 283 1937 que
305 1855 402 1935 facite
431 1855 576 1938 coitiyere
600 1855 755 1936 potuisset
763 1856 787 1918 ὅ.
838 1855 886 1919 At
914 1853 1043 1936 linquae
1070 1874 1204 1934 yraecae
1233 1860 1343 1920 auctor

223 1944 277 2009 iiie
300 1943 479 2027 incoquitus
501 1944 666 2010 scientiam
689 1945 851 2025 quondam
874 1942 1021 2008 habuisse
1042 1941 1167 2008 uidetur
1182 1962 1343 2024 yraecam·

224 2053 282 2115 que
306 2033 489 2116 Symmachi
510 2033 801 2115 interpretationem
823 2053 915 2114 saepe
942 2030 1062 2097 citauit.
1108 2031 1195 2097 Erat
1223 2052 1342 2114 quoquc

223 2122 308 2187 iuris
337 2123 504 2203 consultus,
539 2144 616 2186 nam
645 2123 702 2186 sub
732 2122 797 2203 icye
824 2143 943 2186 usurae
972 2141 1037 2185 non
1066 2119 1228 2201 iynoraoit
1255 2141 1342 2186 euac-

225 2211 339 2276 tiouem
362 2210 559 2293 prohibitam
585 2231 659 2290 esse,
690 2217 782 2291 atque
811 2210 901 2275 vaide
928 2209 1072 2292 praviter
1100 2209 1230 2290 dolebat,
1260 2211 1345 2291 quod
1360 2232 1390 2271 m

224 2299 351 2364 iustitia
384 2320 440 2364 suo
474 2305 608 2382 ternpore
641 2300 731 2379 facta
765 2305 843 2364 esset
876 2298 1017 2364 venatis:
1050 2299 1191 2375 vitium,
1226 2297 1341 2379 inquit,

226 2390 317 2471 quod
340 2390 467 2454 nostris
490 2389 674 2474 praecipue
698 2389 819 2454 diebus
842 2389 1043 2454 increbruit.
1081 2385 1186 2452 Vicini
1203 2386 1343 2452 humano

225 2475 407 2542 necessaria
430 2498 495 2543 esse
517 2477 720 2543 existimabat
742 2483 874 2559 praeter
894 2478 1091 2557 frumentum
1113 2475 1209 2540 etiam
1232 2475 1343 2543 uinum

225 2572 254 2631 et
276 2567 384 2631 oleum.
437 2565 567 2632 Constat
588 2573 692 2632 auum
717 2567 836 2632 Scottos
858 2573 982 2631 nostros
1004 2567 1120 2645 absque
1146 2563 1343 2646 reliqueram

223 2655 364 2737 yentium
386 2655 524 2738 teyiious6
545 2655 647 2735 fuisse
669 2655 793 2737 iocoque
814 2655 884 2720 uini
907 2655 1027 2735 oleique
1049 2652 1232 2719 cerevisiam
1259 2654 1343 2737 buty·
1361 2675 1388 2716 m

225 2765 356 2826 rumque
379 2745 613 2826 consumpsisse,
639 2746 712 2808 dum
735 2764 875 2824 eaquae
892 2741 1015 2825 protuii
1029 2748 1218 2823 aryumenta
1236 2742 1344 2824 potius

224 2833 261 2897 in
284 2841 442 2899 auctorem
460 2834 577 2915 piaque
600 2832 754 2898 austrudis
769 2833 935 2898 conuenire
950 2830 1107 2896 uidentur.
1144 2830 1344 2913 Diiiyentius

225 2925 348 3003 quidem
370 2923 407 2987 in
430 2944 496 2988 rem
518 2944 567 2988 mc
590 2943 655 2987 non
681 2920 887 3002 inquisivisse
916 2921 1067 3000 confiteor
1094 2925 1124 2984 et
1151 2941 1243 3004 spero
1272 2921 1343 3000 fore

224 3017 259 3075 ut
288 3013 387 3078 cuttor
413 3013 544 3093 quidam
573 3010 678 3076 sancti
706 3010 773 3075 oiri
802 3010 1015 3092 quaestionem
1045 3014 1189 3074 retractet
1216 3008 1343 3090 iamque

225 3103 352 3166 tandem
375 3102 524 3166 absoluat.
572 3100 710 3166 Interim
733 3107 812 3165 corto
836 3099 982 3165 dubitare
1005 3097 1084 3179 iicet,
1115 3097 1195 3179 quin
1223 3097 1343 3163 Colum·
1361 3119 1388 3160 so

226 3190 303 3254 bani
325 3189 476 3271 expositio
493 3191 692 3271 psalmorum
715 3190 819 3254 adine
845 3187 990 3270 supersit.
1038 3186 1210 3251 Praeterea
1239 3186 1343 3268 ipsum

223 3278 324 3341 multa
358 3277 426 3341 aiio
454 3279 502 3342 oei
536 3280 581 3343 ad
609 3284 734 3343 cantum
769 3278 869 3360 dique
899 3277 947 3341 oei
975 3278 1020 3342 od
1047 3277 1219 3340 docendum
1247 3274 1343 3340 utilia

224 3366 402 3431 condidisse
426 3366 511 3430 dicta
534 3373 644 3431 auctor
666 3373 712 3431 est
726 3367 858 3432 Ionas⁷.
898 3365 1026 3449 Hymni
1047 3364 1181 3446 quiden,
1206 3365 1251 3429 ad
1267 3385 1344 3445 qnos

180 3533 182 3535 ι
223 3455 301 3520 iaec
323 3455 419 3519 uerba
441 3453 593 3536 inprimis
621 3455 792 3534 referendo
820 3455 969 3520 uidentur
996 3476 1070 3536 esse,
1102 3476 1123 3518 a
1151 3452 1343 3520 Columbano

225 3684 252 3750 1)
280 3683 402 3748 Hbrard,
429 3683 488 3734 ‘Die
512 3682 708 3735 irosohottiscite
725 3683 956 3736 Missionsicirehe’
969 3701 999 3750 p.
1019 3686 1063 3749 83,
1089 3699 1147 3734 curn
1172 3682 1344 3735 emtotoriius
1362 3697 1389 3737 sc>

222 3755 292 3808 suis.
345 3753 373 3822 2)
393 3753 488 3806 Etiam
499 3754 635 3807 Heniicus
645 3755 773 3821 Zimmer,
794 3755 928 3820 ‘Petayius
945 3758 973 3806 in
992 3755 1110 3818 Irtand’,
1129 3754 1252 3806 Berotini
1264 3757 1343 3820 1901,

220 3841 250 3891 p.
264 3827 289 3890 5,
309 3825 461 3876 litterarum
478 3827 615 3878 scientiam
632 3826 800 3893 studiumque
816 3826 972 3892 Scottorum,
990 3827 1060 3893 quod
1077 3826 1114 3876 ad
1132 3842 1224 3878 aevum
1241 3825 1344 3878 Colum·

223 3893 290 3947 bani
313 3898 415 3960 attinet,
443 3898 514 3949 insto
536 3897 631 3963 pluris
655 3900 821 3949 existimasse
844 3898 913 3948 mihi
936 3899 1049 3952 videtin.
1127 3896 1154 3965 3)
1180 3896 1343 3948 Psatterium

224 3967 306 4018 inacta
322 3966 457 4018 Hebraeos
474 3968 637 4032 Hieronymi
659 3969 698 4022 ed.
716 3969 748 4020 de
765 3969 892 4034 Loqui-oc
906 3984 936 4034 p.
951 3971 1031 4034 lsqq.
1120 3967 1148 4036 4)
1174 3970 1209 4022 A.
1227 3967 1342 4034 Peyron,

226 4035 359 4093 Ciceronis
376 4041 528 4090 orationum
546 4042 699 4104 fraymenta
716 4041 817 4092 inedita
831 4056 861 4106 p.
876 4041 935 4093 189.
1020 4037 1046 4106 5)
1072 4038 1105 4093 Ε.
1123 4055 1167 4104 yr.
1187 4039 1346 4091 Columbuni
1362 4053 1389 4091 io

224 4109 485 4175 interpretamentum
504 4110 552 4162 icoc
570 4111 646 4174 (Mo.
659 4110 711 4178 Hp.
724 4111 780 4177 III,
795 4129 826 4178 p.
844 4112 905 4175 156,
913 4113 953 4175 19)
971 4107 1109 4177 Bargoma
1129 4108 1189 4162 vilis
1215 4109 1344 4162 columba

224 4180 366 4244 manifesto
383 4183 477 4248 pendet
495 4199 528 4234 co:
542 4181 705 4248 Hieronymi
720 4183 790 4235 libro
808 4183 1038 4249 interpretationis
1055 4181 1242 4234 hebraicorum
1259 4184 1344 4232 nonci-

222 4265 289 4300 nnm
307 4250 488 4315 (Onomastica
505 4269 586 4306 soora
604 4255 642 4309 ed.
659 4255 690 4306 de
702 4253 829 4319 Layarde
842 4270 874 4320 p.
887 4255 951 4313 60).·
969 4250 1088 4305 Bariona
1104 4249 1176 4304 filius
1192 4251 1342 4307 columbae.

225 4318 252 4387 6)
271 4323 300 4376 V.
321 4322 437 4378 Columi.
454 4325 516 4390 I,2.
589 4328 616 4393 7)
637 4325 756 4392 Jo.1,3.
