<?xml version="1.0" encoding="UTF-8"?>
<!DOCTYPE html PUBLIC "-//W3C//DTD XHTML 1.0 Transitional//EN"
    "http://www.w3.org/TR/xhtml1/DTD/xhtml1-transitional.dtd">
<html xmlns="http://www.w3.org/1999/xhtml" xml:lang="en" lang="en">
 <head>
  <title>
</title>
<meta http-equiv="Content-Type" content="text/html;charset=utf-8" />
  <meta name='ocr-system' content='tesseract 3.04.00' />
  <meta name='ocr-capabilities' content='ocr_page ocr_carea ocr_par ocr_line ocrx_word'/>
</head>
<body>
  <div class='ocr_page' id='page_1' title='image "./ionaevitaesanct01jonagoog_0072.png"; bbox 0 0 2978 4928; ppageno 0'>
   <div class='ocr_carea' id='block_1_1' title="bbox 403 384 1309 454">
    <p class='ocr_par' dir='ltr' id='par_1_1' title="bbox 403 384 1309 454">
     <span class='ocr_line' id='line_1_1' title="bbox 403 384 1309 454; baseline 0.007 -14"><span class='ocrx_word' id='word_1_1' title='bbox 403 384 528 454; x_wconf 82' lang='lat' dir='ltr'><em>IONAS,</em></span> <span class='ocrx_word' id='word_1_2' title='bbox 542 385 663 440; x_wconf 77' lang='lat' dir='ltr'>VITAE</span> <span class='ocrx_word' id='word_1_3' title='bbox 682 384 911 440; x_wconf 81' lang='lat' dir='ltr'><strong>OOLUMBANI</strong></span> <span class='ocrx_word' id='word_1_4' title='bbox 928 384 1037 442; x_wconf 86' lang='lat' dir='ltr'><strong>LIBRI</strong></span> <span class='ocrx_word' id='word_1_5' title='bbox 1054 386 1094 444; x_wconf 87' lang='lat' dir='ltr'><em>H.</em></span> <span class='ocrx_word' id='word_1_6' title='bbox 1273 391 1309 446; x_wconf 83' lang='lat' dir='ltr'><em>bb</em></span> 
     </span>
    </p>
   </div>
   <div class='ocr_carea' id='block_1_2' title="bbox 130 566 1311 1978">
    <p class='ocr_par' dir='ltr' id='par_1_2' title="bbox 190 566 1311 915">
     <span class='ocr_line' id='line_1_2' title="bbox 190 566 1308 651; baseline 0.004 -20"><span class='ocrx_word' id='word_1_7' title='bbox 190 566 286 632; x_wconf 87' lang='lat' dir='ltr'><em>misit.</em></span> <span class='ocrx_word' id='word_1_8' title='bbox 322 568 436 649; x_wconf 77' lang='lat' dir='ltr'><em>Itaque</em></span> <span class='ocrx_word' id='word_1_9' title='bbox 450 567 645 649; x_wconf 75' lang='lat' dir='ltr'><strong><em>quaestionis</em></strong></span> <span class='ocrx_word' id='word_1_10' title='bbox 653 566 827 649; x_wconf 88' lang='lat' dir='ltr'><em>paschalis,</em></span> <span class='ocrx_word' id='word_1_11' title='bbox 843 587 939 648; x_wconf 78' lang='lat' dir='ltr'><em>quam</em></span> <span class='ocrx_word' id='word_1_12' title='bbox 954 589 1084 633; x_wconf 87' lang='lat' dir='ltr'><em>oausam</em></span> <span class='ocrx_word' id='word_1_13' title='bbox 1094 568 1308 651; x_wconf 80' lang='lat' dir='ltr'><em>principalem</em></span> 
     </span>
     <span class='ocr_line' id='line_1_3' title="bbox 190 655 1309 737; baseline 0.003 -17"><span class='ocrx_word' id='word_1_14' title='bbox 190 655 394 737; x_wconf 78' lang='lat' dir='ltr'><em>relcpationis</em></span> <span class='ocrx_word' id='word_1_15' title='bbox 416 656 519 722; x_wconf 89' lang='lat' dir='ltr'><em>sancti</em></span> <span class='ocrx_word' id='word_1_16' title='bbox 541 657 642 736; x_wconf 85' lang='lat' dir='ltr'><em>fuisse</em></span> <span class='ocrx_word' id='word_1_17' title='bbox 664 677 763 737; x_wconf 88' lang='lat' dir='ltr'><em>supra</em></span> <span class='ocrx_word' id='word_1_18' title='bbox 783 656 1004 734; x_wconf 81' lang='lat' dir='ltr'><em>demonstravi,</em></span> <span class='ocrx_word' id='word_1_19' title='bbox 1028 657 1065 721; x_wconf 92' lang='lat' dir='ltr'><em>in</em></span> <span class='ocrx_word' id='word_1_20' title='bbox 1087 657 1155 724; x_wconf 85' lang='lat' dir='ltr'><em>uita</em></span> <span class='ocrx_word' id='word_1_21' title='bbox 1178 657 1246 723; x_wconf 86' lang='lat' dir='ltr'><em>eius</em></span> <span class='ocrx_word' id='word_1_22' title='bbox 1268 679 1309 723; x_wconf 89' lang='lat' dir='ltr'><em>ne</em></span> 
     </span>
     <span class='ocr_line' id='line_1_4' title="bbox 190 743 1308 829; baseline 0.002 -20"><span class='ocrx_word' id='word_1_23' title='bbox 190 745 281 809; x_wconf 84' lang='lat' dir='ltr'><em>aerbo</em></span> <span class='ocrx_word' id='word_1_24' title='bbox 295 745 420 826; x_wconf 78' lang='lat' dir='ltr'><em>quictem</em></span> <span class='ocrx_word' id='word_1_25' title='bbox 435 745 623 810; x_wconf 76' lang='lat' dir='ltr'><em>mentionem</em></span> <span class='ocrx_word' id='word_1_26' title='bbox 636 745 712 825; x_wconf 83' lang='lat' dir='ltr'><em>fecit</em></span> <span class='ocrx_word' id='word_1_27' title='bbox 724 764 823 825; x_wconf 78' lang='lat' dir='ltr'><em>neque</em></span> <span class='ocrx_word' id='word_1_28' title='bbox 838 743 924 809; x_wconf 88' lang='lat' dir='ltr'><em>inter</em></span> <span class='ocrx_word' id='word_1_29' title='bbox 935 744 1153 811; x_wconf 79' lang='lat' dir='ltr'><em>oblectationes</em></span> <span class='ocrx_word' id='word_1_30' title='bbox 1164 746 1308 829; x_wconf 75' lang='lat' dir='ltr'><em>Aprestii</em></span> 
     </span>
     <span class='ocr_line' id='line_1_5' title="bbox 191 832 1311 915; baseline 0.002 -17"><span class='ocrx_word' id='word_1_31' title='bbox 191 855 260 898; x_wconf 90' lang='lat' dir='ltr'><em>eam</em></span> <span class='ocrx_word' id='word_1_32' title='bbox 283 833 431 915; x_wconf 72' lang='lat' dir='ltr'><em>admisit,</em></span> <span class='ocrx_word' id='word_1_33' title='bbox 460 833 589 898; x_wconf 89' lang='lat' dir='ltr'><em>interim</em></span> <span class='ocrx_word' id='word_1_34' title='bbox 618 833 703 899; x_wconf 90' lang='lat' dir='ltr'><em>enim</em></span> <span class='ocrx_word' id='word_1_35' title='bbox 732 839 762 898; x_wconf 94' lang='lat' dir='ltr'><em>et</em></span> <span class='ocrx_word' id='word_1_36' title='bbox 782 832 956 898; x_wconf 87' lang='lat' dir='ltr'><em>Bobieuses</em></span> <span class='ocrx_word' id='word_1_37' title='bbox 978 840 1007 898; x_wconf 93' lang='lat' dir='ltr'><em>et</em></span> <span class='ocrx_word' id='word_1_38' title='bbox 1028 834 1243 900; x_wconf 81' lang='lat' dir='ltr'><em>Lunooienses</em></span> <span class='ocrx_word' id='word_1_39' title='bbox 1265 835 1311 900; x_wconf 81' lang='lat' dir='ltr'><em>ad</em></span> 
     </span>
    </p>

    <p class='ocr_par' dir='ltr' id='par_1_3' title="bbox 130 921 1311 1978">
     <span class='ocr_line' id='line_1_6' title="bbox 160 921 1309 1005; baseline 0 -18"><span class='ocrx_word' id='word_1_40' title='bbox 160 946 173 987; x_wconf 87' lang='lat' dir='ltr'><em>s</em></span> <span class='ocrx_word' id='word_1_41' title='bbox 199 921 331 986; x_wconf 85' lang='lat' dir='ltr'><em>Victorii</em></span> <span class='ocrx_word' id='word_1_42' title='bbox 354 942 480 986; x_wconf 90' lang='lat' dir='ltr'><em>cursum</em></span> <span class='ocrx_word' id='word_1_43' title='bbox 502 923 688 1004; x_wconf 75' lang='lat' dir='ltr'><em>paschalem</em></span> <span class='ocrx_word' id='word_1_44' title='bbox 710 921 852 988; x_wconf 86' lang='lat' dir='ltr'><em>conversi</em></span> <span class='ocrx_word' id='word_1_45' title='bbox 874 927 975 1002; x_wconf 90' lang='lat' dir='ltr'><em>erant,</em></span> <span class='ocrx_word' id='word_1_46' title='bbox 1007 923 1182 1004; x_wconf 78' lang='lat' dir='ltr'><em>[mamque</em></span> <span class='ocrx_word' id='word_1_47' title='bbox 1204 923 1309 1005; x_wconf 87' lang='lat' dir='ltr'><em>ipsum</em></span> 
     </span>
     <span class='ocr_line' id='line_1_7' title="bbox 191 1009 1308 1092; baseline 0.001 -17"><span class='ocrx_word' id='word_1_48' title='bbox 191 1009 274 1075; x_wconf 89' lang='lat' dir='ltr'><em>hanc</em></span> <span class='ocrx_word' id='word_1_49' title='bbox 307 1010 559 1092; x_wconf 65' lang='lat' dir='ltr'><em>sumtationem</em></span> <span class='ocrx_word' id='word_1_50' title='bbox 591 1017 729 1076; x_wconf 88' lang='lat' dir='ltr'><em>secutum</em></span> <span class='ocrx_word' id='word_1_51' title='bbox 762 1031 827 1075; x_wconf 88' lang='lat' dir='ltr'><em>csse</em></span> <span class='ocrx_word' id='word_1_52' title='bbox 859 1031 897 1074; x_wconf 84' lang='lat' dir='ltr'><em>en</em></span> <span class='ocrx_word' id='word_1_53' title='bbox 925 1010 962 1074; x_wconf 90' lang='lat' dir='ltr'><em>V.</em></span> <span class='ocrx_word' id='word_1_54' title='bbox 994 1011 1153 1076; x_wconf 75' lang='lat' dir='ltr'><em>Iohannis</em></span> <span class='ocrx_word' id='word_1_55' title='bbox 1182 1011 1308 1076; x_wconf 67' lang='lat' dir='ltr'><em>nouus</em></span> 
     </span>
     <span class='ocr_line' id='line_1_8' title="bbox 191 1098 1307 1181; baseline 0 -17"><span class='ocrx_word' id='word_1_56' title='bbox 191 1098 297 1180; x_wconf 77' lang='lat' dir='ltr'><em>collipi</em></span> <span class='ocrx_word' id='word_1_57' title='bbox 331 1099 408 1164; x_wconf 86' lang='lat' dir='ltr'><em>licet.</em></span> <span class='ocrx_word' id='word_1_58' title='bbox 456 1101 531 1163; x_wconf 90' lang='lat' dir='ltr'><em>Iam</em></span> <span class='ocrx_word' id='word_1_59' title='bbox 565 1100 665 1164; x_wconf 90' lang='lat' dir='ltr'><em>aliam</em></span> <span class='ocrx_word' id='word_1_60' title='bbox 699 1099 729 1164; x_wconf 89' lang='lat' dir='ltr'><em>ei</em></span> <span class='ocrx_word' id='word_1_61' title='bbox 763 1120 893 1165; x_wconf 87' lang='lat' dir='ltr'><em>eausam</em></span> <span class='ocrx_word' id='word_1_62' title='bbox 927 1100 1047 1181; x_wconf 69' lang='lat' dir='ltr'><em>(iucem</em></span> <span class='ocrx_word' id='word_1_63' title='bbox 1079 1121 1201 1166; x_wconf 89' lang='lat' dir='ltr'><em>necesse</em></span> <span class='ocrx_word' id='word_1_64' title='bbox 1230 1106 1307 1181; x_wconf 89' lang='lat' dir='ltr'><em>erat,</em></span> 
     </span>
     <span class='ocr_line' id='line_1_9' title="bbox 191 1187 1308 1270; baseline 0.001 -18"><span class='ocrx_word' id='word_1_65' title='bbox 191 1208 319 1269; x_wconf 80' lang='lat' dir='ltr'><em>cumque</em></span> <span class='ocrx_word' id='word_1_66' title='bbox 341 1187 378 1251; x_wconf 90' lang='lat' dir='ltr'><em>in</em></span> <span class='ocrx_word' id='word_1_67' title='bbox 401 1189 438 1253; x_wconf 86' lang='lat' dir='ltr'><em>V.</em></span> <span class='ocrx_word' id='word_1_68' title='bbox 462 1188 628 1253; x_wconf 85' lang='lat' dir='ltr'><em>Desiderii</em></span> <span class='ocrx_word' id='word_1_69' title='bbox 650 1187 781 1270; x_wconf 79' lang='lat' dir='ltr'><em>lepisset,</em></span> <span class='ocrx_word' id='word_1_70' title='bbox 805 1194 943 1269; x_wconf 78' lang='lat' dir='ltr'><em>quantoe</em></span> <span class='ocrx_word' id='word_1_71' title='bbox 965 1188 1163 1253; x_wconf 77' lang='lat' dir='ltr'><em>crudelitatis</em></span> <span class='ocrx_word' id='word_1_72' title='bbox 1184 1189 1308 1254; x_wconf 91' lang='lat' dir='ltr'><em>Brune-</em></span> 
     </span>
     <span class='ocr_line' id='line_1_10' title="bbox 192 1275 1309 1358; baseline 0 -17"><span class='ocrx_word' id='word_1_73' title='bbox 192 1276 305 1341; x_wconf 84' lang='lat' dir='ltr'><em>childis</em></span> <span class='ocrx_word' id='word_1_74' title='bbox 327 1275 449 1357; x_wconf 78' lang='lat' dir='ltr'><em>fuisset,</em></span> <span class='ocrx_word' id='word_1_75' title='bbox 478 1276 578 1341; x_wconf 83' lang='lat' dir='ltr'><em>eidem</em></span> <span class='ocrx_word' id='word_1_76' title='bbox 600 1283 697 1341; x_wconf 92' lang='lat' dir='ltr'><em>totam</em></span> <span class='ocrx_word' id='word_1_77' title='bbox 720 1276 844 1357; x_wconf 90' lang='lat' dir='ltr'><em>culpam</em></span> <span class='ocrx_word' id='word_1_78' title='bbox 867 1275 1029 1341; x_wconf 76' lang='lat' dir='ltr'><em>attribuit:</em></span> <span class='ocrx_word' id='word_1_79' title='bbox 1061 1278 1101 1342; x_wconf 88' lang='lat' dir='ltr'><em>ab</em></span> <span class='ocrx_word' id='word_1_80' title='bbox 1131 1277 1204 1358; x_wconf 89' lang='lat' dir='ltr'><em>ipsa</em></span> <span class='ocrx_word' id='word_1_81' title='bbox 1226 1277 1309 1342; x_wconf 88' lang='lat' dir='ltr'><em>enim</em></span> 
     </span>
     <span class='ocr_line' id='line_1_11' title="bbox 148 1364 1309 1448; baseline 0.002 -19"><span class='ocrx_word' id='word_1_82' title='bbox 148 1390 174 1431; x_wconf 83' lang='grc' dir='ltr'><em>ιο</em></span> <span class='ocrx_word' id='word_1_83' title='bbox 192 1364 349 1430; x_wconf 82' lang='lat' dir='ltr'><em>contendit</em></span> <span class='ocrx_word' id='word_1_84' title='bbox 371 1365 455 1447; x_wconf 80' lang='lat' dir='ltr'><em>repis</em></span> <span class='ocrx_word' id='word_1_85' title='bbox 478 1365 621 1430; x_wconf 77' lang='lat' dir='ltr'><em>unionum</em></span> <span class='ocrx_word' id='word_1_86' title='bbox 643 1365 680 1429; x_wconf 90' lang='lat' dir='ltr'><em>in</em></span> <span class='ocrx_word' id='word_1_87' title='bbox 697 1371 841 1430; x_wconf 89' lang='lat' dir='ltr'><em>sanetum</em></span> <span class='ocrx_word' id='word_1_88' title='bbox 863 1364 1059 1447; x_wconf 80' lang='lat' dir='ltr'><em>instipatum,</em></span> <span class='ocrx_word' id='word_1_89' title='bbox 1079 1386 1226 1447; x_wconf 77' lang='lat' dir='ltr'><strong><em>proceres</em></strong></span> <span class='ocrx_word' id='word_1_90' title='bbox 1248 1365 1309 1448; x_wconf 88' lang='lat' dir='ltr'><em>epi·</em></span> 
     </span>
     <span class='ocr_line' id='line_1_12' title="bbox 191 1453 1310 1536; baseline 0.002 -19"><span class='ocrx_word' id='word_1_91' title='bbox 191 1474 367 1536; x_wconf 79' lang='lat' dir='ltr'><em>scoposque,</em></span> <span class='ocrx_word' id='word_1_92' title='bbox 391 1460 427 1518; x_wconf 95' lang='lat' dir='ltr'><em>ut</em></span> <span class='ocrx_word' id='word_1_93' title='bbox 446 1453 530 1518; x_wconf 81' lang='lat' dir='ltr'><em>lolem</em></span> <span class='ocrx_word' id='word_1_94' title='bbox 548 1454 698 1534; x_wconf 86' lang='lat' dir='ltr'><em>facerent,</em></span> <span class='ocrx_word' id='word_1_95' title='bbox 722 1453 907 1518; x_wconf 89' lang='lat' dir='ltr'><em>sollicitatos</em></span> <span class='ocrx_word' id='word_1_96' title='bbox 921 1475 995 1518; x_wconf 87' lang='lat' dir='ltr'><em>esse.</em></span> <span class='ocrx_word' id='word_1_97' title='bbox 1034 1454 1218 1533; x_wconf 77' lang='lat' dir='ltr'><em>Manifesta</em></span> <span class='ocrx_word' id='word_1_98' title='bbox 1234 1455 1310 1519; x_wconf 89' lang='lat' dir='ltr'><em>haec</em></span> 
     </span>
     <span class='ocr_line' id='line_1_13' title="bbox 192 1541 1311 1626; baseline 0.002 -21"><span class='ocrx_word' id='word_1_99' title='bbox 192 1541 260 1606; x_wconf 88' lang='lat' dir='ltr'><em>eius</em></span> <span class='ocrx_word' id='word_1_100' title='bbox 275 1549 446 1608; x_wconf 92' lang='lat' dir='ltr'><em>commenta</em></span> <span class='ocrx_word' id='word_1_101' title='bbox 464 1542 568 1623; x_wconf 84' lang='lat' dir='ltr'><em>ipsius</em></span> <span class='ocrx_word' id='word_1_102' title='bbox 589 1542 692 1607; x_wconf 92' lang='lat' dir='ltr'><em>sancti</em></span> <span class='ocrx_word' id='word_1_103' title='bbox 715 1541 864 1624; x_wconf 85' lang='lat' dir='ltr'><em>epistulis,</em></span> <span class='ocrx_word' id='word_1_104' title='bbox 889 1562 970 1622; x_wconf 79' lang='lat' dir='ltr'><em>quas</em></span> <span class='ocrx_word' id='word_1_105' title='bbox 988 1543 1033 1607; x_wconf 85' lang='lat' dir='ltr'><em>act</em></span> <span class='ocrx_word' id='word_1_106' title='bbox 1049 1563 1108 1607; x_wconf 89' lang='lat' dir='ltr'><em>nos</em></span> <span class='ocrx_word' id='word_1_107' title='bbox 1124 1543 1311 1626; x_wconf 87' lang='lat' dir='ltr'><em>peruenisse</em></span> 
     </span>
     <span class='ocr_line' id='line_1_14' title="bbox 190 1631 1309 1714; baseline 0.002 -20"><span class='ocrx_word' id='word_1_108' title='bbox 190 1632 401 1712; x_wconf 77' lang='lat' dir='ltr'><em>pratulamur,</em></span> <span class='ocrx_word' id='word_1_109' title='bbox 436 1631 533 1710; x_wconf 80' lang='lat' dir='ltr'><em>facilc</em></span> <span class='ocrx_word' id='word_1_110' title='bbox 566 1633 813 1712; x_wconf 82' lang='lat' dir='ltr'><em>redarpuuntur.</em></span> <span class='ocrx_word' id='word_1_111' title='bbox 861 1631 1013 1696; x_wconf 79' lang='lat' dir='ltr'><em>Sanctum</em></span> <span class='ocrx_word' id='word_1_112' title='bbox 1042 1637 1146 1696; x_wconf 90' lang='lat' dir='ltr'><em>autem</em></span> <span class='ocrx_word' id='word_1_113' title='bbox 1175 1653 1197 1695; x_wconf 88' lang='lat' dir='ltr'><em>a</em></span> <span class='ocrx_word' id='word_1_114' title='bbox 1228 1652 1309 1714; x_wconf 80' lang='lat' dir='ltr'><em>repe,</em></span> 
     </span>
     <span class='ocr_line' id='line_1_15' title="bbox 192 1718 1309 1800; baseline 0.002 -18"><span class='ocrx_word' id='word_1_115' title='bbox 192 1719 315 1800; x_wconf 80' lang='lat' dir='ltr'><em>rapina,</em></span> <span class='ocrx_word' id='word_1_116' title='bbox 339 1719 517 1784; x_wconf 85' lang='lat' dir='ltr'><em>custodibus</em></span> <span class='ocrx_word' id='word_1_117' title='bbox 540 1719 698 1784; x_wconf 81' lang='lat' dir='ltr'><em>lenissime</em></span> <span class='ocrx_word' id='word_1_118' title='bbox 720 1718 862 1783; x_wconf 91' lang='lat' dir='ltr'><em>habitum</em></span> <span class='ocrx_word' id='word_1_119' title='bbox 884 1740 958 1800; x_wconf 89' lang='lat' dir='ltr'><em>esse,</em></span> <span class='ocrx_word' id='word_1_120' title='bbox 982 1720 1030 1784; x_wconf 87' lang='lat' dir='ltr'><em>cel</em></span> <span class='ocrx_word' id='word_1_121' title='bbox 1052 1740 1090 1783; x_wconf 85' lang='lat' dir='ltr'><em>en</em></span> <span class='ocrx_word' id='word_1_122' title='bbox 1111 1720 1213 1784; x_wconf 91' lang='lat' dir='ltr'><em>Ionae</em></span> <span class='ocrx_word' id='word_1_123' title='bbox 1235 1741 1309 1784; x_wconf 94' lang='lat' dir='ltr'><em>nar·</em></span> 
     </span>
     <span class='ocr_line' id='line_1_16' title="bbox 148 1807 1310 1890; baseline -0.001 -18"><span class='ocrx_word' id='word_1_124' title='bbox 148 1831 175 1872; x_wconf 79' lang='lat' dir='ltr'><em>n</em></span> <span class='ocrx_word' id='word_1_125' title='bbox 192 1807 317 1872; x_wconf 83' lang='lat' dir='ltr'><em>ratione</em></span> <span class='ocrx_word' id='word_1_126' title='bbox 339 1807 540 1890; x_wconf 79' lang='lat' dir='ltr'><em>intellepitur,</em></span> <span class='ocrx_word' id='word_1_127' title='bbox 570 1810 654 1872; x_wconf 83' lang='lat' dir='ltr'><em>uncle</em></span> <span class='ocrx_word' id='word_1_128' title='bbox 681 1807 875 1888; x_wconf 90' lang='lat' dir='ltr'><em>comparatio</em></span> <span class='ocrx_word' id='word_1_129' title='bbox 901 1807 1004 1889; x_wconf 82' lang='lat' dir='ltr'><em>ipsius</em></span> <span class='ocrx_word' id='word_1_130' title='bbox 1027 1829 1095 1873; x_wconf 91' lang='lat' dir='ltr'><em>cum</em></span> <span class='ocrx_word' id='word_1_131' title='bbox 1120 1808 1310 1873; x_wconf 80' lang='lat' dir='ltr'><em>Desiderio²</em></span> 
     </span>
     <span class='ocr_line' id='line_1_17' title="bbox 130 1895 1309 1978; baseline 0 -17"><span class='ocrx_word' id='word_1_132' title='bbox 130 1936 134 1941; x_wconf 57' lang='lat'>2</span> <span class='ocrx_word' id='word_1_133' title='bbox 200 1896 373 1961; x_wconf 84' lang='lat' dir='ltr'><em>Viennensi</em></span> <span class='ocrx_word' id='word_1_134' title='bbox 396 1897 497 1961; x_wconf 86' lang='lat' dir='ltr'><em>risum</em></span> <span class='ocrx_word' id='word_1_135' title='bbox 519 1903 626 1961; x_wconf 86' lang='lat' dir='ltr'><em>meoet.</em></span> <span class='ocrx_word' id='word_1_136' title='bbox 667 1895 850 1977; x_wconf 81' lang='lat' dir='ltr'><em>Suppressit</em></span> <span class='ocrx_word' id='word_1_137' title='bbox 866 1895 970 1977; x_wconf 88' lang='lat' dir='ltr'><em>etiam,</em></span> <span class='ocrx_word' id='word_1_138' title='bbox 994 1899 1145 1977; x_wconf 77' lang='lat' dir='ltr'><em>quomodo</em></span> <span class='ocrx_word' id='word_1_139' title='bbox 1162 1897 1201 1961; x_wconf 90' lang='lat' dir='ltr'><em>in</em></span> <span class='ocrx_word' id='word_1_140' title='bbox 1218 1917 1309 1978; x_wconf 78' lang='lat' dir='ltr'><em>quae·</em></span> 
     </span>
    </p>
   </div>
   <div class='ocr_carea' id='block_1_3' title="bbox 192 1983 1398 2066">
    <p class='ocr_par' dir='ltr' id='par_1_4' title="bbox 192 1983 1398 2066">
     <span class='ocr_line' id='line_1_18' title="bbox 192 1983 1398 2066; baseline 0.006 -18"><span class='ocrx_word' id='word_1_141' title='bbox 192 1984 293 2049; x_wconf 90' lang='lat' dir='ltr'><em>stione</em></span> <span class='ocrx_word' id='word_1_142' title='bbox 330 1985 428 2049; x_wconf 90' lang='lat' dir='ltr'><em>trium</em></span> <span class='ocrx_word' id='word_1_143' title='bbox 466 1985 675 2066; x_wconf 88' lang='lat' dir='ltr'><em>capitulorum</em></span> <span class='ocrx_word' id='word_1_144' title='bbox 708 1983 886 2066; x_wconf 80' lang='lat' dir='ltr'><em>opinionem</em></span> <span class='ocrx_word' id='word_1_145' title='bbox 919 2005 1011 2049; x_wconf 90' lang='lat' dir='ltr'><em>suam</em></span> <span class='ocrx_word' id='word_1_146' title='bbox 1044 1991 1174 2049; x_wconf 88' lang='lat' dir='ltr'><em>sanctus</em></span> <span class='ocrx_word' id='word_1_147' title='bbox 1201 2005 1309 2066; x_wconf 82' lang='lat' dir='ltr'><em>popae</em></span> <span class='ocrx_word' id='word_1_148' title='bbox 1396 2052 1398 2055; x_wconf 84' lang='grc'><em>,</em></span> 
     </span>
    </p>
   </div>
   <div class='ocr_carea' id='block_1_4' title="bbox 148 2072 1310 2774">
    <p class='ocr_par' dir='ltr' id='par_1_5' title="bbox 193 2072 1309 2155">
     <span class='ocr_line' id='line_1_19' title="bbox 193 2072 1309 2155; baseline -0.001 -18"><span class='ocrx_word' id='word_1_149' title='bbox 193 2073 392 2154; x_wconf 87' lang='lat' dir='ltr'><em>opposuisset,</em></span> <span class='ocrx_word' id='word_1_150' title='bbox 428 2075 503 2138; x_wconf 82' lang='lat' dir='ltr'><em>ctum</em></span> <span class='ocrx_word' id='word_1_151' title='bbox 536 2074 640 2155; x_wconf 87' lang='lat' dir='ltr'><em>ipsum</em></span> <span class='ocrx_word' id='word_1_152' title='bbox 674 2095 737 2138; x_wconf 91' lang='lat' dir='ltr'><em>non</em></span> <span class='ocrx_word' id='word_1_153' title='bbox 772 2072 924 2154; x_wconf 79' lang='lat' dir='ltr'><em>relinquit</em></span> <span class='ocrx_word' id='word_1_154' title='bbox 956 2073 1113 2138; x_wconf 76' lang='lat' dir='ltr'><em>haeresim</em></span> <span class='ocrx_word' id='word_1_155' title='bbox 1144 2072 1309 2137; x_wconf 74' lang='lat' dir='ltr'><em>Asianum</em></span> 
     </span>
    </p>

    <p class='ocr_par' dir='ltr' id='par_1_6' title="bbox 148 2160 1310 2333">
     <span class='ocr_line' id='line_1_20' title="bbox 192 2160 1309 2244; baseline 0 -18"><span class='ocrx_word' id='word_1_156' title='bbox 192 2161 470 2244; x_wconf 78' lang='lat' dir='ltr'><em>impupnantem³:</em></span> <span class='ocrx_word' id='word_1_157' title='bbox 492 2162 666 2228; x_wconf 90' lang='lat' dir='ltr'><em>Bobienses</em></span> <span class='ocrx_word' id='word_1_158' title='bbox 688 2161 773 2227; x_wconf 91' lang='lat' dir='ltr'><em>enim</em></span> <span class='ocrx_word' id='word_1_159' title='bbox 795 2160 950 2226; x_wconf 89' lang='lat' dir='ltr'><em>sententia</em></span> <span class='ocrx_word' id='word_1_160' title='bbox 972 2167 1095 2226; x_wconf 90' lang='lat' dir='ltr'><em>mutata</em></span> <span class='ocrx_word' id='word_1_161' title='bbox 1112 2161 1149 2226; x_wconf 88' lang='lat' dir='ltr'><em>iu</em></span> <span class='ocrx_word' id='word_1_162' title='bbox 1167 2161 1309 2244; x_wconf 71' lang='lat' dir='ltr'><em>qratiam</em></span> 
     </span>
     <span class='ocr_line' id='line_1_21' title="bbox 148 2249 1310 2333; baseline -0.001 -17"><span class='ocrx_word' id='word_1_163' title='bbox 148 2275 177 2316; x_wconf 79' lang='lat' dir='ltr'><em>so</em></span> <span class='ocrx_word' id='word_1_164' title='bbox 193 2250 278 2315; x_wconf 84' lang='lat' dir='ltr'><em>seclis</em></span> <span class='ocrx_word' id='word_1_165' title='bbox 300 2251 489 2331; x_wconf 86' lang='lat' dir='ltr'><em>apostolieae</em></span> <span class='ocrx_word' id='word_1_166' title='bbox 510 2251 639 2315; x_wconf 88' lang='lat' dir='ltr'><em>interim</em></span> <span class='ocrx_word' id='word_1_167' title='bbox 656 2251 826 2330; x_wconf 82' lang='lat' dir='ltr'><em>redierant,</em></span> <span class='ocrx_word' id='word_1_168' title='bbox 850 2256 885 2314; x_wconf 92' lang='lat' dir='ltr'><em>ut</em></span> <span class='ocrx_word' id='word_1_169' title='bbox 899 2250 1044 2333; x_wconf 80' lang='lat' dir='ltr'><em>Aprestii</em></span> <span class='ocrx_word' id='word_1_170' title='bbox 1061 2249 1310 2315; x_wconf 85' lang='lat' dir='ltr'><em>communionem</em></span> 
     </span>
    </p>

    <p class='ocr_par' dir='ltr' id='par_1_7' title="bbox 194 2338 1310 2421">
     <span class='ocr_line' id='line_1_22' title="bbox 194 2338 1310 2421; baseline 0 -18"><span class='ocrx_word' id='word_1_171' title='bbox 194 2360 263 2404; x_wconf 93' lang='lat' dir='ltr'><em>cum</em></span> <span class='ocrx_word' id='word_1_172' title='bbox 301 2339 559 2420; x_wconf 77' lang='lat' dir='ltr'><em>Aquileiensibus</em></span> <span class='ocrx_word' id='word_1_173' title='bbox 595 2339 663 2404; x_wconf 89' lang='lat' dir='ltr'><em>iam</em></span> <span class='ocrx_word' id='word_1_174' title='bbox 699 2339 944 2421; x_wconf 74' lang='lat' dir='ltr'><em>improbarent4.</em></span> <span class='ocrx_word' id='word_1_175' title='bbox 1006 2338 1152 2420; x_wconf 78' lang='lat' dir='ltr'><em>Denique</em></span> <span class='ocrx_word' id='word_1_176' title='bbox 1193 2339 1310 2403; x_wconf 80' lang='lat' dir='ltr'><em>Trebia</em></span> 
     </span>
    </p>

    <p class='ocr_par' dir='ltr' id='par_1_8' title="bbox 194 2427 1309 2511">
     <span class='ocr_line' id='line_1_23' title="bbox 194 2427 1309 2511; baseline -0.001 -19"><span class='ocrx_word' id='word_1_177' title='bbox 194 2434 431 2493; x_wconf 88' lang='lat' dir='ltr'><em>commemorato</em></span> <span class='ocrx_word' id='word_1_178' title='bbox 446 2427 647 2493; x_wconf 87' lang='lat' dir='ltr'><em>Hannibalis</em></span> <span class='ocrx_word' id='word_1_179' title='bbox 665 2428 790 2508; x_wconf 80' lang='lat' dir='ltr'><em>quidem</em></span> <span class='ocrx_word' id='word_1_180' title='bbox 807 2449 889 2509; x_wconf 75' lang='lat' dir='ltr'><em>arrae</em></span> <span class='ocrx_word' id='word_1_181' title='bbox 906 2434 981 2511; x_wconf 89' lang='lat' dir='ltr'><em>post</em></span> <span class='ocrx_word' id='word_1_182' title='bbox 996 2449 1142 2510; x_wconf 78' lang='lat' dir='ltr'><em>pupnam</em></span> <span class='ocrx_word' id='word_1_183' title='bbox 1164 2427 1210 2492; x_wconf 88' lang='lat' dir='ltr'><em>ibi</em></span> <span class='ocrx_word' id='word_1_184' title='bbox 1233 2448 1309 2493; x_wconf 92' lang='lat' dir='ltr'><em>com·</em></span> 
     </span>
    </p>

    <p class='ocr_par' dir='ltr' id='par_1_9' title="bbox 194 2515 1308 2601">
     <span class='ocr_line' id='line_1_24' title="bbox 194 2515 1308 2601; baseline 0 -21"><span class='ocrx_word' id='word_1_185' title='bbox 194 2515 325 2581; x_wconf 69' lang='lat' dir='ltr'><em>mnsam</em></span> <span class='ocrx_word' id='word_1_186' title='bbox 354 2538 393 2580; x_wconf 84' lang='lat' dir='ltr'><em>eu</em></span> <span class='ocrx_word' id='word_1_187' title='bbox 419 2516 562 2582; x_wconf 86' lang='lat' dir='ltr'><em>hibernis</em></span> <span class='ocrx_word' id='word_1_188' title='bbox 588 2517 755 2601; x_wconf 87' lang='lat' dir='ltr'><em>profectus</em></span> <span class='ocrx_word' id='word_1_189' title='bbox 782 2518 959 2597; x_wconf 74' lang='lat' dir='ltr'><em>pertulerat</em></span> <span class='ocrx_word' id='word_1_190' title='bbox 987 2517 1128 2581; x_wconf 82' lang='lat' dir='ltr'><em>damna⁵</em></span> <span class='ocrx_word' id='word_1_191' title='bbox 1156 2516 1308 2597; x_wconf 86' lang='lat' dir='ltr'><em>meminit,</em></span> 
     </span>
    </p>

    <p class='ocr_par' dir='ltr' id='par_1_10' title="bbox 150 2604 1308 2774">
     <span class='ocr_line' id='line_1_25' title="bbox 194 2604 1308 2687; baseline 0.002 -19"><span class='ocrx_word' id='word_1_192' title='bbox 194 2605 413 2669; x_wconf 87' lang='lat' dir='ltr'><em>Romanorum</em></span> <span class='ocrx_word' id='word_1_193' title='bbox 424 2626 496 2669; x_wconf 89' lang='lat' dir='ltr'><em>uero</em></span> <span class='ocrx_word' id='word_1_194' title='bbox 507 2605 705 2670; x_wconf 88' lang='lat' dir='ltr'><em>notissimam</em></span> <span class='ocrx_word' id='word_1_195' title='bbox 716 2606 836 2669; x_wconf 83' lang='lat' dir='ltr'><em>cladem</em></span> <span class='ocrx_word' id='word_1_196' title='bbox 847 2604 1156 2687; x_wconf 87' lang='lat' dir='ltr'><em>silentiopraeteriit,</em></span> <span class='ocrx_word' id='word_1_197' title='bbox 1168 2604 1308 2686; x_wconf 89' lang='lat' dir='ltr'><em>patriae,</em></span> 
     </span>
     <span class='ocr_line' id='line_1_26' title="bbox 150 2693 661 2774; baseline 0 -16"><span class='ocrx_word' id='word_1_198' title='bbox 150 2693 261 2758; x_wconf 79' lang='lat' dir='ltr'><em>u-nisi</em></span> <span class='ocrx_word' id='word_1_199' title='bbox 282 2693 389 2774; x_wconf 80' lang='lat' dir='ltr'><em>fallor,</em></span> <span class='ocrx_word' id='word_1_200' title='bbox 414 2714 520 2759; x_wconf 91' lang='lat' dir='ltr'><em>amore</em></span> <span class='ocrx_word' id='word_1_201' title='bbox 542 2696 661 2759; x_wconf 82' lang='lat' dir='ltr'><em>ductus.</em></span> 
     </span>
    </p>
   </div>
   <div class='ocr_carea' id='block_1_5' title="bbox 302 2782 1432 2864">
    <p class='ocr_par' dir='ltr' id='par_1_11' title="bbox 302 2782 1432 2864">
     <span class='ocr_line' id='line_1_27' title="bbox 302 2782 1432 2864; baseline -0.003 -18"><span class='ocrx_word' id='word_1_202' title='bbox 302 2782 459 2864; x_wconf 75' lang='lat' dir='ltr'><em>Exempla</em></span> <span class='ocrx_word' id='word_1_203' title='bbox 481 2783 584 2847; x_wconf 92' lang='lat' dir='ltr'><em>Ionas</em></span> <span class='ocrx_word' id='word_1_204' title='bbox 606 2782 668 2847; x_wconf 88' lang='lat' dir='ltr'><em>sibi</em></span> <span class='ocrx_word' id='word_1_205' title='bbox 692 2788 902 2864; x_wconf 89' lang='lat' dir='ltr'><em>proposuerat</em></span> <span class='ocrx_word' id='word_1_206' title='bbox 929 2782 1012 2847; x_wconf 88' lang='lat' dir='ltr'><em>uitas</em></span> <span class='ocrx_word' id='word_1_207' title='bbox 1034 2789 1216 2849; x_wconf 90' lang='lat' dir='ltr'><em>sanctorum</em></span> <span class='ocrx_word' id='word_1_208' title='bbox 1238 2784 1310 2848; x_wconf 88' lang='lat' dir='ltr'><em>cele-</em></span> <span class='ocrx_word' id='word_1_209' title='bbox 1430 2838 1432 2843; x_wconf 88' lang='lat'><em>.</em></span> 
     </span>
    </p>
   </div>
   <div class='ocr_carea' id='block_1_6' title="bbox 150 2870 1312 3926">
    <p class='ocr_par' dir='ltr' id='par_1_12' title="bbox 150 2870 1312 3926">
     <span class='ocr_line' id='line_1_28' title="bbox 195 2870 1311 2952; baseline 0.001 -18"><span class='ocrx_word' id='word_1_210' title='bbox 195 2870 323 2952; x_wconf 85' lang='lat' dir='ltr'><em>briores,</em></span> <span class='ocrx_word' id='word_1_211' title='bbox 339 2871 458 2935; x_wconf 88' lang='lat' dir='ltr'><em>scilieet</em></span> <span class='ocrx_word' id='word_1_212' title='bbox 468 2871 606 2935; x_wconf 86' lang='lat' dir='ltr'><em>Antonii</em></span> <span class='ocrx_word' id='word_1_213' title='bbox 621 2877 747 2936; x_wconf 87' lang='lat' dir='ltr'><em>auctore</em></span> <span class='ocrx_word' id='word_1_214' title='bbox 757 2871 950 2950; x_wconf 83' lang='lat' dir='ltr'><em>Athanasio,</em></span> <span class='ocrx_word' id='word_1_215' title='bbox 967 2871 1065 2935; x_wconf 91' lang='lat' dir='ltr'><em>Pauli</em></span> <span class='ocrx_word' id='word_1_216' title='bbox 1080 2878 1110 2936; x_wconf 94' lang='lat' dir='ltr'><em>et</em></span> <span class='ocrx_word' id='word_1_217' title='bbox 1122 2871 1311 2935; x_wconf 87' lang='lat' dir='ltr'><em>Hilarionis</em></span> 
     </span>
     <span class='ocr_line' id='line_1_29' title="bbox 195 2958 1311 3042; baseline 0 -19"><span class='ocrx_word' id='word_1_218' title='bbox 195 2965 320 3023; x_wconf 87' lang='lat' dir='ltr'><em>auctore</em></span> <span class='ocrx_word' id='word_1_219' title='bbox 344 2959 550 3042; x_wconf 70' lang='lat' dir='ltr'><em>Hieronymo,</em></span> <span class='ocrx_word' id='word_1_220' title='bbox 578 2959 723 3024; x_wconf 88' lang='lat' dir='ltr'><em>Martini</em></span> <span class='ocrx_word' id='word_1_221' title='bbox 753 2982 774 3025; x_wconf 93' lang='lat' dir='ltr'><em>a</em></span> <span class='ocrx_word' id='word_1_222' title='bbox 798 2959 940 3040; x_wconf 79' lang='lat' dir='ltr'><em>Sulpicio</em></span> <span class='ocrx_word' id='word_1_223' title='bbox 964 2961 1077 3024; x_wconf 81' lang='lat' dir='ltr'><em>Seuero</em></span> <span class='ocrx_word' id='word_1_224' title='bbox 1106 2960 1143 3023; x_wconf 88' lang='lat' dir='ltr'><em>in</em></span> <span class='ocrx_word' id='word_1_225' title='bbox 1175 2958 1311 3040; x_wconf 81' lang='lat' dir='ltr'><em>dialopis</em></span> 
     </span>
     <span class='ocr_line' id='line_1_30' title="bbox 194 3045 1310 3129; baseline 0 -18"><span class='ocrx_word' id='word_1_226' title='bbox 194 3047 393 3129; x_wconf 82' lang='lat' dir='ltr'><em>descriptam,</em></span> <span class='ocrx_word' id='word_1_227' title='bbox 417 3069 494 3129; x_wconf 80' lang='lat' dir='ltr'><em>quos</em></span> <span class='ocrx_word' id='word_1_228' title='bbox 516 3048 616 3112; x_wconf 88' lang='lat' dir='ltr'><em>tribus</em></span> <span class='ocrx_word' id='word_1_229' title='bbox 631 3046 813 3113; x_wconf 88' lang='lat' dir='ltr'><em>auctmibus</em></span> <span class='ocrx_word' id='word_1_230' title='bbox 831 3047 1047 3128; x_wconf 90' lang='lat' dir='ltr'><em>Postumiana,</em></span> <span class='ocrx_word' id='word_1_231' title='bbox 1068 3049 1190 3128; x_wconf 80' lang='lat' dir='ltr'><em>Seuero,</em></span> <span class='ocrx_word' id='word_1_232' title='bbox 1215 3045 1310 3111; x_wconf 78' lang='lat' dir='ltr'><em>Gallo</em></span> 
     </span>
     <span class='ocr_line' id='line_1_31' title="bbox 151 3135 1309 3218; baseline -0.001 -18"><span class='ocrx_word' id='word_1_233' title='bbox 151 3160 178 3200; x_wconf 80' lang='lat' dir='ltr'><em>so</em></span> <span class='ocrx_word' id='word_1_234' title='bbox 195 3135 348 3218; x_wconf 90' lang='lat' dir='ltr'><em>attribuit,</em></span> <span class='ocrx_word' id='word_1_235' title='bbox 372 3135 511 3216; x_wconf 88' lang='lat' dir='ltr'><em>Hilarii,</em></span> <span class='ocrx_word' id='word_1_236' title='bbox 536 3136 708 3217; x_wconf 88' lang='lat' dir='ltr'><em>Ambrosii,</em></span> <span class='ocrx_word' id='word_1_237' title='bbox 728 3135 903 3218; x_wconf 79' lang='lat' dir='ltr'><em>Aupustini</em></span> <span class='ocrx_word' id='word_1_238' title='bbox 926 3136 1105 3201; x_wconf 89' lang='lat' dir='ltr'><em>auctoribus</em></span> <span class='ocrx_word' id='word_1_239' title='bbox 1120 3135 1309 3215; x_wconf 84' lang='lat' dir='ltr'><em>Fortunato,</em></span> 
     </span>
     <span class='ocr_line' id='line_1_32' title="bbox 195 3224 1311 3305; baseline 0 -17"><span class='ocrx_word' id='word_1_240' title='bbox 195 3224 351 3305; x_wconf 90' lang='lat' dir='ltr'><em>Paulina,</em></span> <span class='ocrx_word' id='word_1_241' title='bbox 387 3224 535 3290; x_wconf 82' lang='lat' dir='ltr'><em>Possidio</em></span> <span class='ocrx_word' id='word_1_242' title='bbox 544 3226 566 3288; x_wconf 76' lang='lat'><em>⁶.</em></span> <span class='ocrx_word' id='word_1_243' title='bbox 620 3224 727 3290; x_wconf 86' lang='lat' dir='ltr'><em>Vitam</em></span> <span class='ocrx_word' id='word_1_244' title='bbox 760 3224 924 3290; x_wconf 81' lang='lat' dir='ltr'><em>Desiderii</em></span> <span class='ocrx_word' id='word_1_245' title='bbox 957 3224 1147 3290; x_wconf 86' lang='lat' dir='ltr'><em>Viennensis</em></span> <span class='ocrx_word' id='word_1_246' title='bbox 1184 3229 1311 3289; x_wconf 89' lang='lat' dir='ltr'><em>auctore</em></span> 
     </span>
     <span class='ocr_line' id='line_1_33' title="bbox 196 3312 1309 3397; baseline -0.001 -19"><span class='ocrx_word' id='word_1_247' title='bbox 196 3312 338 3378; x_wconf 82' lang='lat' dir='ltr'><em>Sisebuto</em></span> <span class='ocrx_word' id='word_1_248' title='bbox 361 3320 389 3378; x_wconf 90' lang='lat' dir='ltr'><em>et</em></span> <span class='ocrx_word' id='word_1_249' title='bbox 412 3313 542 3379; x_wconf 79' lang='lat' dir='ltr'><em>citauit⁷</em></span> <span class='ocrx_word' id='word_1_250' title='bbox 564 3319 593 3379; x_wconf 89' lang='lat' dir='ltr'><em>et</em></span> <span class='ocrx_word' id='word_1_251' title='bbox 616 3312 791 3379; x_wconf 79' lang='lat' dir='ltr'><em>adhibuit⁸.</em></span> <span class='ocrx_word' id='word_1_252' title='bbox 838 3313 990 3397; x_wconf 80' lang='lat' dir='ltr'><em>Greporii</em></span> <span class='ocrx_word' id='word_1_253' title='bbox 1012 3312 1180 3378; x_wconf 88' lang='lat' dir='ltr'><em>Historiae</em></span> <span class='ocrx_word' id='word_1_254' title='bbox 1203 3312 1309 3377; x_wconf 88' lang='lat' dir='ltr'><em>Fran-</em></span> 
     </span>
     <span class='ocr_line' id='line_1_34' title="bbox 194 3401 1310 3483; baseline 0.001 -18"><span class='ocrx_word' id='word_1_255' title='bbox 194 3421 302 3465; x_wconf 82' lang='lat' dir='ltr'><em>corum</em></span> <span class='ocrx_word' id='word_1_256' title='bbox 324 3402 426 3467; x_wconf 77' lang='lat' dir='ltr'><em>coclice</em></span> <span class='ocrx_word' id='word_1_257' title='bbox 449 3401 561 3467; x_wconf 89' lang='lat' dir='ltr'><em>classis</em></span> <span class='ocrx_word' id='word_1_258' title='bbox 583 3403 616 3466; x_wconf 91' lang='lat' dir='ltr'><em>B</em></span> <span class='ocrx_word' id='word_1_259' title='bbox 637 3402 742 3483; x_wconf 88' lang='lat' dir='ltr'><em>ipsum</em></span> <span class='ocrx_word' id='word_1_260' title='bbox 771 3402 908 3481; x_wconf 87' lang='lat' dir='ltr'><em>fortasse</em></span> <span class='ocrx_word' id='word_1_261' title='bbox 934 3423 1027 3466; x_wconf 91' lang='lat' dir='ltr'><em>usum</em></span> <span class='ocrx_word' id='word_1_262' title='bbox 1053 3424 1118 3466; x_wconf 89' lang='lat' dir='ltr'><em>esse</em></span> <span class='ocrx_word' id='word_1_263' title='bbox 1140 3423 1239 3483; x_wconf 86' lang='lat' dir='ltr'><em>supra</em></span> <span class='ocrx_word' id='word_1_264' title='bbox 1261 3422 1310 3466; x_wconf 83' lang='lat' dir='ltr'><em>en-</em></span> 
     </span>
     <span class='ocr_line' id='line_1_35' title="bbox 189 3489 1311 3573; baseline 0 -19"><span class='ocrx_word' id='word_1_265' title='bbox 189 3489 294 3572; x_wconf 90' lang='lat' dir='ltr'><em>posui.</em></span> <span class='ocrx_word' id='word_1_266' title='bbox 333 3490 489 3573; x_wconf 78' lang='lat' dir='ltr'><em>Repulam</em></span> <span class='ocrx_word' id='word_1_267' title='bbox 512 3490 639 3572; x_wconf 77' lang='lat' dir='ltr'><em>aliaque</em></span> <span class='ocrx_word' id='word_1_268' title='bbox 660 3489 809 3572; x_wconf 80' lang='lat' dir='ltr'><em>mapistri</em></span> <span class='ocrx_word' id='word_1_269' title='bbox 830 3490 949 3571; x_wconf 88' lang='lat' dir='ltr'><em>scripta</em></span> <span class='ocrx_word' id='word_1_270' title='bbox 971 3490 1112 3572; x_wconf 80' lang='lat' dir='ltr'><em>ritusque</em></span> <span class='ocrx_word' id='word_1_271' title='bbox 1135 3490 1311 3556; x_wconf 83' lang='lat' dir='ltr'><em>Scottorum</em></span> 
     </span>
     <span class='ocr_line' id='line_1_36' title="bbox 150 3578 1311 3661; baseline 0 -18"><span class='ocrx_word' id='word_1_272' title='bbox 150 3601 177 3643; x_wconf 81' lang='lat' dir='ltr'><em>n</em></span> <span class='ocrx_word' id='word_1_273' title='bbox 194 3579 300 3660; x_wconf 89' lang='lat' dir='ltr'><em>libros,</em></span> <span class='ocrx_word' id='word_1_274' title='bbox 324 3579 419 3644; x_wconf 88' lang='lat' dir='ltr'><em>ueluti</em></span> <span class='ocrx_word' id='word_1_275' title='bbox 440 3579 703 3661; x_wconf 82' lang='lat' dir='ltr'><em>antiphonarium</em></span> <span class='ocrx_word' id='word_1_276' title='bbox 721 3579 972 3661; x_wconf 75' lang='lat' dir='ltr'><em>Benchorense9,</em></span> <span class='ocrx_word' id='word_1_277' title='bbox 996 3578 1026 3644; x_wconf 94' lang='lat' dir='ltr'><em>ei</em></span> <span class='ocrx_word' id='word_1_278' title='bbox 1042 3585 1211 3661; x_wconf 89' lang='lat' dir='ltr'><em>praeterea</em></span> <span class='ocrx_word' id='word_1_279' title='bbox 1226 3599 1311 3660; x_wconf 86' lang='lat' dir='ltr'><em>prae</em></span> 
     </span>
     <span class='ocr_line' id='line_1_37' title="bbox 194 3667 1025 3748; baseline 0 -17"><span class='ocrx_word' id='word_1_280' title='bbox 194 3667 343 3732; x_wconf 89' lang='lat' dir='ltr'><em>manibus</em></span> <span class='ocrx_word' id='word_1_281' title='bbox 364 3667 466 3748; x_wconf 86' lang='lat' dir='ltr'><em>fuisse</em></span> <span class='ocrx_word' id='word_1_282' title='bbox 486 3668 542 3732; x_wconf 84' lang='lat' dir='ltr'><em>oia</em></span> <span class='ocrx_word' id='word_1_283' title='bbox 564 3688 805 3732; x_wconf 89' lang='lat' dir='ltr'><em>commemorare</em></span> <span class='ocrx_word' id='word_1_284' title='bbox 827 3688 949 3733; x_wconf 83' lang='lat' dir='ltr'><em>maesse</em></span> <span class='ocrx_word' id='word_1_285' title='bbox 971 3674 1025 3732; x_wconf 78' lang='lat' dir='ltr'><em>esc.</em></span> 
     </span>
     <span class='ocr_line' id='line_1_38' title="bbox 302 3753 1312 3821; baseline 0 -3"><span class='ocrx_word' id='word_1_286' title='bbox 302 3756 475 3821; x_wconf 85' lang='lat' dir='ltr'><em>Auctorum</em></span> <span class='ocrx_word' id='word_1_287' title='bbox 497 3756 670 3821; x_wconf 91' lang='lat' dir='ltr'><em>latinorum</em></span> <span class='ocrx_word' id='word_1_288' title='bbox 693 3763 816 3821; x_wconf 89' lang='lat' dir='ltr'><em>tantam</em></span> <span class='ocrx_word' id='word_1_289' title='bbox 833 3756 998 3820; x_wconf 89' lang='lat' dir='ltr'><em>scientiam</em></span> <span class='ocrx_word' id='word_1_290' title='bbox 1014 3755 1116 3821; x_wconf 92' lang='lat' dir='ltr'><em>Ionas</em></span> <span class='ocrx_word' id='word_1_291' title='bbox 1137 3755 1175 3820; x_wconf 92' lang='lat' dir='ltr'><em>in</em></span> <span class='ocrx_word' id='word_1_292' title='bbox 1196 3753 1312 3820; x_wconf 89' lang='lat' dir='ltr'><em>scholis</em></span> 
     </span>
     <span class='ocr_line' id='line_1_39' title="bbox 194 3841 1311 3926; baseline 0 -18"><span class='ocrx_word' id='word_1_293' title='bbox 194 3843 407 3910; x_wconf 85' lang='lat' dir='ltr'><em>Bobiensibus</em></span> <span class='ocrx_word' id='word_1_294' title='bbox 428 3844 492 3909; x_wconf 84' lang='lat' dir='ltr'><em>sibi</em></span> <span class='ocrx_word' id='word_1_295' title='bbox 513 3851 700 3926; x_wconf 86' lang='lat' dir='ltr'><em>parauerat,</em></span> <span class='ocrx_word' id='word_1_296' title='bbox 730 3850 883 3926; x_wconf 78' lang='lat' dir='ltr'><em>quantam</em></span> <span class='ocrx_word' id='word_1_297' title='bbox 904 3845 960 3908; x_wconf 84' lang='lat' dir='ltr'><em>oin</em></span> <span class='ocrx_word' id='word_1_298' title='bbox 981 3844 1019 3909; x_wconf 92' lang='lat' dir='ltr'><em>in</em></span> <span class='ocrx_word' id='word_1_299' title='bbox 1041 3844 1106 3909; x_wconf 90' lang='lat' dir='ltr'><em>ulio</em></span> <span class='ocrx_word' id='word_1_300' title='bbox 1128 3843 1217 3908; x_wconf 87' lang='lat' dir='ltr'><em>ill-ius</em></span> <span class='ocrx_word' id='word_1_301' title='bbox 1240 3841 1311 3908; x_wconf 86' lang='lat' dir='ltr'><em>aeui</em></span> 
     </span>
    </p>
   </div>
   <div class='ocr_carea' id='block_1_7' title="bbox 149 3998 1311 4420">
    <p class='ocr_par' dir='ltr' id='par_1_13' title="bbox 195 3998 1309 4070">
     <span class='ocr_line' id='line_1_40' title="bbox 195 3998 1309 4070; baseline -0.002 -15"><span class='ocrx_word' id='word_1_302' title='bbox 195 4002 223 4070; x_wconf 95' lang='grc'><em>1)</em></span> <span class='ocrx_word' id='word_1_303' title='bbox 242 3999 290 4054; x_wconf 83' lang='lat' dir='ltr'><em>SS.</em></span> <span class='ocrx_word' id='word_1_304' title='bbox 309 4000 343 4054; x_wconf 78' lang='grc' dir='ltr'><em>Β,</em></span> <span class='ocrx_word' id='word_1_305' title='bbox 363 4001 461 4055; x_wconf 84' lang='lat' dir='ltr'><em>Mercu.</em></span> <span class='ocrx_word' id='word_1_306' title='bbox 480 3999 535 4066; x_wconf 89' lang='lat' dir='ltr'><em>III,</em></span> <span class='ocrx_word' id='word_1_307' title='bbox 553 4002 615 4056; x_wconf 77' lang='lat'><strong>505.</strong></span> <span class='ocrx_word' id='word_1_308' title='bbox 698 4002 727 4067; x_wconf 81' lang='lat'><em>2)</em></span> <span class='ocrx_word' id='word_1_309' title='bbox 753 4001 783 4052; x_wconf 87' lang='lat' dir='ltr'><em>V.</em></span> <span class='ocrx_word' id='word_1_310' title='bbox 802 3999 916 4054; x_wconf 80' lang='lat' dir='ltr'><em>Oolumb.</em></span> <span class='ocrx_word' id='word_1_311' title='bbox 935 4000 960 4065; x_wconf 95' lang='lat' dir='ltr'><em>I,</em></span> <span class='ocrx_word' id='word_1_312' title='bbox 980 4002 1023 4054; x_wconf 80' lang='lat'><em>27.</em></span> <span class='ocrx_word' id='word_1_313' title='bbox 1107 4001 1135 4068; x_wconf 83' lang='lat'><em>3)</em></span> <span class='ocrx_word' id='word_1_314' title='bbox 1162 3998 1205 4054; x_wconf 86' lang='lat' dir='ltr'><em>Ib.</em></span> <span class='ocrx_word' id='word_1_315' title='bbox 1224 3998 1249 4064; x_wconf 88' lang='lat' dir='ltr'><em>I,</em></span> <span class='ocrx_word' id='word_1_316' title='bbox 1266 4001 1309 4053; x_wconf 77' lang='lat'><em>30.</em></span> 
     </span>
    </p>

    <p class='ocr_par' dir='ltr' id='par_1_14' title="bbox 149 4069 1311 4420">
     <span class='ocr_line' id='line_1_41' title="bbox 149 4069 1309 4138; baseline -0.001 -13"><span class='ocrx_word' id='word_1_317' title='bbox 149 4088 177 4129; x_wconf 69' lang='lat' dir='ltr'><em>ao</em></span> <span class='ocrx_word' id='word_1_318' title='bbox 194 4072 222 4138; x_wconf 85' lang='lat'><em>4)</em></span> <span class='ocrx_word' id='word_1_319' title='bbox 241 4070 284 4125; x_wconf 90' lang='lat' dir='ltr'><em>Ib.</em></span> <span class='ocrx_word' id='word_1_320' title='bbox 297 4071 339 4137; x_wconf 89' lang='lat' dir='ltr'><em>II,</em></span> <span class='ocrx_word' id='word_1_321' title='bbox 353 4073 378 4126; x_wconf 86' lang='grc'><em>9.</em></span> <span class='ocrx_word' id='word_1_322' title='bbox 405 4070 448 4135; x_wconf 77' lang='lat' dir='ltr'><em>Cf.</em></span> <span class='ocrx_word' id='word_1_323' title='bbox 462 4071 629 4137; x_wconf 87' lang='lat' dir='ltr'><em>Hartmanu,</em></span> <span class='ocrx_word' id='word_1_324' title='bbox 645 4070 747 4124; x_wconf 74' lang='lat' dir='ltr'><em>‘Gesch</em></span> <span class='ocrx_word' id='word_1_325' title='bbox 758 4071 878 4124; x_wconf 78' lang='lat' dir='ltr'><em>Itolinis&#39;</em></span> <span class='ocrx_word' id='word_1_326' title='bbox 890 4071 930 4137; x_wconf 88' lang='lat' dir='ltr'><em>II,</em></span> <span class='ocrx_word' id='word_1_327' title='bbox 947 4075 970 4136; x_wconf 84' lang='lat'><em>1,</em></span> <span class='ocrx_word' id='word_1_328' title='bbox 986 4089 1014 4138; x_wconf 87' lang='lat' dir='ltr'><em>p.</em></span> <span class='ocrx_word' id='word_1_329' title='bbox 1027 4074 1088 4126; x_wconf 78' lang='lat'><strong>209.</strong></span> <span class='ocrx_word' id='word_1_330' title='bbox 1101 4072 1162 4126; x_wconf 81' lang='lat'><strong>235.</strong></span> <span class='ocrx_word' id='word_1_331' title='bbox 1228 4071 1257 4136; x_wconf 84' lang='lat'><em>5)</em></span> <span class='ocrx_word' id='word_1_332' title='bbox 1280 4069 1309 4124; x_wconf 82' lang='lat' dir='ltr'><em>V.</em></span> 
     </span>
     <span class='ocr_line' id='line_1_42' title="bbox 195 4139 1309 4210; baseline -0.003 -16"><span class='ocrx_word' id='word_1_333' title='bbox 195 4141 310 4195; x_wconf 82' lang='lat' dir='ltr'><em>Columb.</em></span> <span class='ocrx_word' id='word_1_334' title='bbox 325 4142 349 4207; x_wconf 90' lang='lat'><em>1,</em></span> <span class='ocrx_word' id='word_1_335' title='bbox 361 4145 404 4197; x_wconf 87' lang='lat'><em>30.</em></span> <span class='ocrx_word' id='word_1_336' title='bbox 459 4144 487 4209; x_wconf 87' lang='lat'><em>6)</em></span> <span class='ocrx_word' id='word_1_337' title='bbox 503 4142 544 4196; x_wconf 89' lang='lat' dir='ltr'><em>Ib.</em></span> <span class='ocrx_word' id='word_1_338' title='bbox 556 4142 581 4207; x_wconf 88' lang='lat' dir='ltr'><em>I,</em></span> <span class='ocrx_word' id='word_1_339' title='bbox 593 4145 616 4197; x_wconf 90' lang='lat'><em>1.</em></span> <span class='ocrx_word' id='word_1_340' title='bbox 671 4143 700 4209; x_wconf 79' lang='grc'><em>7)</em></span> <span class='ocrx_word' id='word_1_341' title='bbox 714 4142 851 4207; x_wconf 67' lang='lat' dir='ltr'><em>lame:</em></span> <span class='ocrx_word' id='word_1_342' title='bbox 868 4140 944 4194; x_wconf 82' lang='lat' dir='ltr'><em>ouius</em></span> <span class='ocrx_word' id='word_1_343' title='bbox 959 4145 1037 4210; x_wconf 82' lang='lat' dir='ltr'><em>gesta</em></span> <span class='ocrx_word' id='word_1_344' title='bbox 1051 4140 1153 4208; x_wconf 79' lang='lat' dir='ltr'><em>scripta</em></span> <span class='ocrx_word' id='word_1_345' title='bbox 1164 4139 1309 4205; x_wconf 85' lang='lat' dir='ltr'><em>habentur,</em></span> 
     </span>
     <span class='ocr_line' id='line_1_43' title="bbox 195 4209 1311 4282; baseline -0.001 -18"><span class='ocrx_word' id='word_1_346' title='bbox 195 4212 292 4280; x_wconf 80' lang='lat' dir='ltr'><em>quibus</em></span> <span class='ocrx_word' id='word_1_347' title='bbox 311 4216 339 4265; x_wconf 88' lang='lat' dir='ltr'><em>et</em></span> <span class='ocrx_word' id='word_1_348' title='bbox 356 4211 464 4280; x_wconf 80' lang='lat' dir='ltr'><em>quantis</em></span> <span class='ocrx_word' id='word_1_349' title='bbox 480 4211 688 4266; x_wconf 82' lang='lat' dir='ltr'><em>adversitatibus</em></span> <span class='ocrx_word' id='word_1_350' title='bbox 704 4211 838 4282; x_wconf 80' lang='lat' dir='ltr'><em>gloriosus</em></span> <span class='ocrx_word' id='word_1_351' title='bbox 850 4211 924 4280; x_wconf 80' lang='lat' dir='ltr'><em>apud</em></span> <span class='ocrx_word' id='word_1_352' title='bbox 935 4211 1084 4264; x_wconf 88' lang='lat' dir='ltr'><em>Dominum</em></span> <span class='ocrx_word' id='word_1_353' title='bbox 1096 4211 1197 4264; x_wconf 80' lang='lat' dir='ltr'><em>meruit</em></span> <span class='ocrx_word' id='word_1_354' title='bbox 1208 4209 1311 4263; x_wconf 81' lang='lat' dir='ltr'><em>habere</em></span> 
     </span>
     <span class='ocr_line' id='line_1_44' title="bbox 194 4280 1309 4351; baseline 0.001 -17"><span class='ocrx_word' id='word_1_355' title='bbox 194 4282 355 4351; x_wconf 84' lang='lat' dir='ltr'><em>triumphos.</em></span> <span class='ocrx_word' id='word_1_356' title='bbox 445 4286 473 4350; x_wconf 87' lang='lat'><em>8)</em></span> <span class='ocrx_word' id='word_1_357' title='bbox 504 4284 654 4351; x_wconf 81' lang='lat' dir='ltr'><em>lo.1,29;</em></span> <span class='ocrx_word' id='word_1_358' title='bbox 679 4285 713 4349; x_wconf 71' lang='lat' dir='ltr'><em>cf.</em></span> <span class='ocrx_word' id='word_1_359' title='bbox 732 4284 779 4337; x_wconf 81' lang='lat' dir='ltr'><em>SS.</em></span> <span class='ocrx_word' id='word_1_360' title='bbox 798 4283 832 4338; x_wconf 79' lang='lat' dir='ltr'><em>s.</em></span> <span class='ocrx_word' id='word_1_361' title='bbox 852 4285 949 4338; x_wconf 82' lang='lat' dir='ltr'><em>Morou.</em></span> <span class='ocrx_word' id='word_1_362' title='bbox 968 4283 1024 4350; x_wconf 89' lang='lat' dir='ltr'><em>III,</em></span> <span class='ocrx_word' id='word_1_363' title='bbox 1039 4299 1069 4349; x_wconf 91' lang='lat' dir='ltr'><em>p.</em></span> <span class='ocrx_word' id='word_1_364' title='bbox 1083 4284 1143 4337; x_wconf 81' lang='lat'><strong>626.</strong></span> <span class='ocrx_word' id='word_1_365' title='bbox 1227 4284 1256 4346; x_wconf 83' lang='grc'><em>9)</em></span> <span class='ocrx_word' id='word_1_366' title='bbox 1278 4280 1309 4335; x_wconf 76' lang='lat' dir='ltr'><em>V.</em></span> 
     </span>
     <span class='ocr_line' id='line_1_45' title="bbox 195 4355 426 4420; baseline 0.022 -15"><span class='ocrx_word' id='word_1_367' title='bbox 195 4355 310 4409; x_wconf 73' lang='lat' dir='ltr'><em>columb.</em></span> <span class='ocrx_word' id='word_1_368' title='bbox 329 4355 370 4420; x_wconf 89' lang='lat' dir='ltr'><em>II,</em></span> <span class='ocrx_word' id='word_1_369' title='bbox 385 4358 426 4410; x_wconf 89' lang='grc'><em>16.</em></span> 
     </span>
    </p>
   </div>
   <div class='ocr_carea' id='block_1_8' title="bbox 0 0 1497 4928">
    <p class='ocr_par' dir='ltr' id='par_1_15' title="bbox 0 0 1497 4928">
     <span class='ocr_line' id='line_1_46' title="bbox 0 0 1497 4928; baseline 0 0"><span class='ocrx_word' id='word_1_370' title='bbox 0 0 1497 4928; x_wconf 95' lang='lat' dir='ltr'><em> </em></span> 
     </span>
    </p>
   </div>
  </div>
 </body>
</html>
