2956 4898
384 421 509 491 louis,
520 421 642 477 VITAE
659 420 889 477 connitum
906 421 1016 477 LIBRI
1033 421 1073 478 II.
1237 425 1289 479 107

276 606 334 671 Er
354 604 531 687 scripturae
551 604 730 686 missine,
753 607 838 685 quocl
852 605 897 670 H.
914 606 950 670 J.
967 605 1099 668 Lenior
1119 606 1197 671 (tub.
1223 604 1253 666 Υ
1251 604 1289 683 Ι)

160 694 287 779 publici
306 693 392 758 iuris
408 693 492 775 fecit,
515 701 598 759 certo
615 692 731 758 certius
754 694 943 775 intellcpitur
961 692 1094 757 codicem
1118 714 1199 757 suec.
1221 693 1288 755 XI.

167 805 270 866 neque
291 804 374 848 saec.
391 782 437 848 X.
460 783 696 848 attribuendum
716 804 791 847 esse.

277 884 379 973 But)
414 888 518 959 Codex
539 890 832 954 Admontensis
863 912 893 952 u.
915 896 945 955 2.
975 909 1056 952 succ.
1079 888 1144 955 XI.
1176 886 1292 951 litteris

134 986 150 1026 ὃ
168 978 353 1045 initialibus
360 977 577 1062 pucieuime
588 977 695 1061 pictis,
715 999 784 1042 urm
802 999 925 1042 summa
944 977 1110 1058 ‹iilipeutic
1129 983 1290 1057 exaratus,

170 1069 228 1150 fol.
252 1073 453 1132 236-247.
496 1067 533 1131 V.
574 1066 761 1132 Columbani
801 1067 938 1132 continet
971 1088 993 1129 a
1026 1088 1051 1130 c.
1077 1073 1097 1129 2
1134 1064 1289 1147 (praescr.

170 1158 276 1221 VIII.
302 1157 359 1221 Kl.
384 1157 490 1222 Decb.
530 1157 660 1240 Incipit
686 1158 759 1220 vita
788 1157 882 1221 beati
906 1156 1112 1222 Columbini
1143 1155 1290 1233 abbatis,

170 1244 270 1328 incip
287 1245 325 1310 Ο.
342 1247 470 1310 etenim
486 1241 557 1329 qui)
572 1247 618 1309 acl
631 1246 725 1310 rerba
741 1267 767 1309 c.
784 1252 836 1309 21.
860 1248 932 1309 ruit
956 1251 1060 1328 atque
1084 1247 1290 1328 discerpens.

280 1333 314 1397 B
331 1330 399 1416 lu‘)
437 1331 543 1399 codex
570 1334 846 1398 Florentinus
880 1334 1082 1398 bibliothecae
1115 1332 1294 1397 tration-alis

124 1447 153 1487 ro
171 1423 259 1488 inter
280 1429 448 1488 conuentus
469 1443 659 1504 suppressos,
678 1423 711 1486 A
727 1430 753 1502 1,
777 1429 871 1503 1213,
893 1445 974 1488 saec.
997 1424 1063 1503 XI,
1088 1423 1162 1487 olim
1186 1443 1293 1486 neona-

172 1511 265 1578 stcrii
278 1511 381 1576 Vallis
391 1513 556 1576 umbrosae
565 1513 586 1592 ¹,
597 1512 654 1590 foi.
667 1512 862 1576 leis-130.
883 1513 918 1577 V.
932 1513 1122 1578 Columhani
1134 1513 1250 1575 librum
1261 1512 1286 1574 I
1284 1565 1290 1575 .

173 1624 196 1666 a
226 1621 255 1666 c.
274 1607 305 1666 2.
336 1601 381 1665 acl
407 1602 503 1665 cuba
532 1621 559 1666 c.
581 1607 631 1664 19.
659 1601 788 1666 haecce:
816 1603 927 1665 virum
952 1603 1018 1667 Dei
1048 1603 1294 1686 perturbarent

175 1691 420 1775 episcoposque
442 1688 588 1770 continet,
611 1696 748 1754 ertremo
766 1690 929 1755 columnae
946 1712 1038 1755 eersu
1057 1712 1156 1755 cacuo
1174 1689 1292 1754 relicto.

176 1775 268 1844 simi
288 1778 326 1842 in
348 1777 451 1843 codice
475 1780 681 1859 praecedente
703 1779 751 1843 ita
773 1779 810 1844 in
838 1780 895 1843 hoc
917 1801 1026 1843 uersus
1049 1780 1181 1843 barbari
1211 1801 1236 1842 c.
1262 1785 1293 1842 2.

128 1890 156 1930 15
175 1867 252 1932 iude
273 1889 296 1931 a
317 1868 409 1931 uerbo
428 1868 665 1952 Expectctque
684 1868 908 1932 desiderantur
929 1875 959 1932 et
980 1867 1065 1931 inter
1087 1870 1182 1932 rerba
1203 1869 1294 1931 Nam

177 1958 251 2022 eius
280 1958 429 2040 genitrix
458 1963 489 2020 et
517 1958 584 2020 ium
616 1979 693 2021 cum
718 1957 901 2021 uocabulum
924 1956 1068 2020 addition
1091 1963 1144 2034 est,
1176 1955 1296 2019 scilicet

178 2066 274 2110 :::ne
308 2043 366 2125 (m.
396 2045 438 2108 al.
462 2065 543 2110 corr.
568 2044 648 2126 ene)
684 2044 716 2108 Β
732 2046 795 2124 lcl',
832 2046 946 2109 Ethne
976 2044 1010 2108 Β
1025 2047 1073 2108 lcl.
1129 2043 1295 2107 Lectiones

177 2155 258 2216 quae
275 2133 356 2197 mihi
371 2140 502 2215 praesto
518 2140 594 2197 sunt
615 2156 641 2198 c.
664 2141 713 2198 19.
732 2133 857 2215 partim
875 2133 962 2197 omni
980 2132 1166 2197 erectoritate
1184 2137 1296 2196 carent

177 2221 337 2308 (passiam
359 2243 424 2304 pro
451 2223 625 2306 spissiam,
656 2244 717 2287 ora
745 2228 819 2286 arete
848 2223 934 2287 cibis
964 2243 1034 2300 om,
1065 2221 1168 2302 spatio
1195 2242 1295 2285 cauco

131 2333 160 2372 so
178 2307 307 2393 relicto),
325 2311 453 2395 partim
476 2333 546 2376 cum
567 2311 601 2375 Β
616 2318 657 2377 la
679 2311 869 2376 conueniunt
891 2311 1087 2395 (pollicetur
1110 2332 1174 2392 pro
1198 2311 1294 2394 polli-

178 2405 311 2476 centur,
334 2399 546 2483 Ortaturque
563 2421 626 2481 pro
648 2397 856 2484 oraturque).

285 2488 423 2553 Initium
452 2491 609 2570 finemque
637 2496 751 2571 ropatu
779 2511 846 2554 ineo
869 2489 1001 2572 benipne
1024 2488 1191 2571 exscripsit
1212 2488 1297 2553 Pius

178 2577 302 2659 Rujua,
325 2577 523 2643 doctissimus
545 2578 599 2641 ille
622 2578 839 2643 limentinus.

285 2680 383 2767 Ble)
419 2683 546 2749 Codices
579 2684 853 2750 Monacenses
886 2708 919 2750 u.
944 2691 1063 2764 22245,
1098 2705 1179 2750 saec.
1206 2683 1295 2765 XII,

53 2848 55 2852 μ
132 2792 161 2834 ss
179 2773 357 2855 lepenclarii
389 2772 650 2855 Winclberpensis
683 2774 742 2838 rol.
777 2774 837 2838 VI.
871 2795 993 2839 uunses
1027 2775 1234 2838 Nouembrem
1268 2778 1298 2837 et

179 2862 382 2927 Decembrem
404 2863 675 2943 comprehendens,
699 2863 929 2942 fol.12‘—28,

278 2947 382 3034 Bru)
397 2973 429 3015 n.
442 2949 714 3030 9506(0ber·Alt.
725 2952 772 3034 6),
788 2972 869 3015 saec.
884 2951 972 3029 XII,
989 2950 1045 3029 fol.
1057 2949 1252 3027 loti—120,
1269 2954 1298 3012 et

279 3040 313 3104 Β
324 3037 394 3124 le“)
410 3040 459 3104 Li
463 3039 656 3124 psiensis²
668 3039 870 3104 bibliothecae
881 3045 1010 3103 senatus
1021 3060 1053 3101 n.
1066 3044 1126 3100 196
1136 3036 1232 3116 (Rep.
1241 3035 1294 3098 II.

180 3129 236 3209 fol.
261 3128 355 3210 59²),
385 3150 465 3194 saec.
492 3129 581 3208 XII,
611 3127 666 3206 fol.
694 3126 857 3205 14-32‘,
889 3126 964 3190 olim
995 3125 1107 3189 ‘sancti
1134 3123 1297 3188 Mauricii

135 3235 164 3276 oo
180 3217 217 3282 in
231 3217 349 3282 Aitach
366 3217 538 3298 inferiori,
562 3216 652 3296 foliis
670 3214 841 3296 deperditis
863 3214 992 3278 mutilus
1014 3214 1051 3277 in
1069 3212 1172 3276 uerbis
1188 3211 1218 3291 I,
1236 3218 1295 3277 30:

181 3307 332 3372 Litteras
351 3302 450 3391 castil
471 3306 627 3386 desinens,
651 3304 765 3385 quibus
786 3324 826 3367 m.
847 3324 872 3366 s.
891 3302 992 3367 XIV.
1017 3300 1206 3382 adscripsit:
1230 3301 1298 3366 Hic

182 3400 235 3461 est
257 3416 403 3479 maguus
426 3398 593 3472 defectus,

297 3485 333 3549 V.
363 3484 550 3550 Columbini
572 3489 687 3548 mutum
710 3482 841 3546 arimin
864 3480 1025 3545 continent
1047 3482 1092 3545 acl
1113 3480 1243 3544 classem
1266 3479 1300 3543 B

176 3571 402 3654 pertinentem,
432 3573 650 3655 exemplarque
678 3571 762 3635 uncle
786 3571 926 3652 penalem
955 3569 1116 3634 lectionem
1145 3569 1300 3634 librorum

138 3661 216 3725 ³⁶13
234 3669 283 3726 la.
308 3664 335 3726 b.
360 3663 391 3725 el.
421 3663 560 3726 ululatu
588 3683 651 3743 pro
681 3660 814 3725 eiulatu
850 3658 910 3737 (ita
931 3659 1000 3723 Β2
1025 3680 1095 3724 cum
1117 3657 1163 3741 A)
1195 3680 1219 3724 c.
1245 3665 1299 3724 20.

183 3751 353 3832 exhibebat,
377 3752 433 3815 secl
454 3751 530 3815 locis
551 3749 715 3816 nonnullis
738 3749 833 3813 etium
856 3769 926 3813 cum
948 3747 1105 3814 codicibus
1124 3746 1301 3812 Bucariois

183 3838 216 3902 A
234 3846 279 3904 lc.
298 3840 327 3904 c*
352 3838 572 3904 conueniebat:

186 4050 211 4115 1)
231 4049 275 4113 Cf.
295 4049 338 4102 (Ν.
357 4048 450 4102 Auel?
468 4048 576 4114 XXVI,
591 4064 622 4115 p.
635 4051 695 4104 325.
732 4049 826 4099 Elium
849 4048 919 4098 alter
941 4048 972 4101 V.
993 4046 1151 4100 Columbani
1171 4045 1252 4096 codex
1270 4043 1301 4093 iu

185 4121 271 4171 eodem
288 4123 450 4171 monasterio
467 4121 529 4171 olim
542 4120 732 4172 asservabatur
744 4120 792 4184 (cf.
807 4117 909 4172 ‘Arch'
921 4118 991 4183 XII,
1007 4135 1036 4184 p.
1051 4119 1116 4181 728)
1134 4133 1160 4169 n.
1175 4119 1191 4169 2
1210 4115 1299 4178 (oo-2),

139 4194 167 4232 40
185 4191 229 4255 fol.
242 4193 304 4257 242,
323 4192 385 4242 itun
404 4206 421 4240 a
440 4205 461 4243 c.
474 4193 500 4243 2.
519 4193 648 4254 incipiens
665 4195 689 4241 et
706 4191 827 4242 deuius
846 4191 889 4240 his
906 4188 1008 4239 uerbis:
1032 4191 1113 4239 nocte
1131 4186 1183 4238 hac
1202 4184 1300 4237 disces·

185 4265 287 4316 serunt.
317 4261 348 4312 Is
365 4263 395 4311 iu
411 4262 600 4326 possessiomm
613 4259 779 4312 bibliothecae
796 4259 946 4312 nationalis
958 4260 1089 4308 transisse
1107 4259 1215 4308 minime
1229 4255 1302 4306 oide-

185 4336 239 4398 tur,
265 4333 310 4385 sul
328 4346 379 4398 quo
396 4332 507 4382 emisset
525 4329 636 4378 adiutor
652 4329 805 4380 nudior-um
822 4343 939 4380 meorum
958 4342 1049 4376 eruere
1066 4326 1153 4376 adhuc
1169 4325 1300 4391 nequibat.

185 4403 213 4472 2)
226 4403 267 4467 Cf.
281 4403 440 4462 Naumunn,
452 4396 598 4458 Gawlopus
610 4396 672 4450 libr.
684 4413 748 4453 mss.
762 4400 821 4454 bibl.
834 4398 948 4450 usitatis
960 4396 1118 4460 Lipsiensis,
1132 4397 1209 4458 1838,
1218 4412 1246 4460 p.
1257 4395 1301 4447 62.
