2978 4928
238 357 273 409 36
452 349 711 416 10NAS‚V1TAE
728 348 958 404 ooLIJMBANI
976 348 1083 404 LIBRI
1101 349 1141 406 ΙΙ.

238 532 447 598 reverentiam
469 531 692 613 impenderent,
722 531 758 596 bi
785 530 963 596 insolentiis
990 533 1178 612 respondere
1206 533 1356 613 solebant,

239 621 560 722 unchArioualdus
589 623 655 720 clun
688 619 901 719 Taurinensis
924 621 1107 701 presbytero
1138 621 1265 686 cuidam
1293 620 1358 686 Bo·

244 799 431 866 Oolumbani
453 797 618 862 monacbis
640 803 694 879 est,
717 797 772 878 qui
795 796 886 861 nobis
907 796 1120 862 salutantibus
1135 800 1267 880 deneqat
1281 805 1358 880 apta

240 887 472 971 respondere’.
452 888 463 926 1
525 885 645 952 &cm
632 907 669 949 m
691 884 871 966 quaestione
897 885 994 949 trium
1016 885 1136 967 capitul
1136 907 1226 950 orum
1249 908 1390 968 papaes

245 977 457 1043 Columbanus
478 976 546 1055 fort
544 974 606 1039 iter
627 973 799 1055 restitisset
827 974 859 1037 A
862 973 952 1038 tbala
981 974 1066 1039 sedis
1092 981 1182 1056 apost
1169 974 1328 1040 tolicae
1309 998 1357 1040 co·

241 1066 344 1131 lucrat
298 1065 412 1129 ttise
441 1062 581 1143 subiecit,
609 1063 736 1127 sublata
765 1024 981 1127 cdmmunione
1010 1083 1079 1126 cum
1109 1064 1277 1143 defaident
1265 1063 1356 1144 tibus,

240 1175 305 1236 qua
328 1154 365 1216 dc
388 1173 487 1218 cansa
510 1152 549 1216 ab
573 1149 704 1232 Aqrcst
691 1171 722 1214 io
678 1151 896 1215 tmonacbo
918 1150 1116 1216 Duuooiensi
1138 1151 1273 1233 epistula
1297 1173 1359 1234 per

241 1243 385 1307 Aureum
414 1239 603 1305 Adalualdi
636 1239 721 1321 reqis
750 1240 1037 1321 Lanqobardorum
1067 1240 1229 1305 notarium
1259 1240 1359 1306 missa

241 1331 308 1412 ipsc
330 1327 595 1394 uehementissime
616 1328 842 1409 increpabatur
851 1330 871 1390 ².
917 1328 1111 1393 Idololatria
1134 1336 1237 1394 autem
1259 1351 1300 1394 nc
1322 1329 1359 1394 in
1378 1353 1403 1392 1o

243 1418 346 1483 Italia
383 1418 508 1500 quidem
546 1423 620 1482 tunc
657 1417 816 1498 eatirpata
849 1422 934 1497 erat,
980 1417 1154 1498 fanumque
1191 1418 1359 1483 arboribus

242 1505 400 1573 intersitis
422 1507 511 1571 baud
527 1506 640 1587 procul
662 1527 683 1570 a
705 1504 896 1570 monasterio
910 1504 948 1570 in
962 1505 1041 1571 oilla
1056 1508 1100 1571 ad
1113 1507 1209 1571 Iram
1223 1506 1358 1585 (lucium

244 1595 340 1661 situm
362 1601 439 1675 erat,
464 1594 515 1660 cai
537 1594 707 1659 Mamaos
728 1595 902 1659 monacbus
916 1595 1094 1659 Dertonam
1116 1595 1232 1660 missus
1254 1595 1359 1677 iqnem

245 1684 436 1766 supponebat
444 1684 465 1748 ³.
522 1682 588 1747 Die
621 1681 705 1746 citae
738 1703 882 1764 supremo
916 1682 1056 1748 instante
1089 1683 1213 1748 Atbala
1249 1690 1359 1765 saepta

244 1771 431 1838 monasterii
460 1771 628 1851 densabat,
653 1777 731 1836 tccta
761 1771 933 1852 sarciebat,
968 1791 1063 1852 equos
1091 1771 1192 1853 quiete
1224 1773 1357 1852 fovebat,
1378 1793 1404 1834 1⁶

245 1862 343 1928 libros
365 1859 571 1943 liqaminibus
596 1861 757 1942 firmabat,
788 1860 991 1941 supellectiles
1020 1860 1117 1942 ablui,
1149 1862 1359 1926 calceamenta

239 1950 361 2034 parari
394 1949 562 2032 mnniaque
596 1969 678 2030 quoe
711 1955 861 2030 corrupta
894 1956 988 2014 erant
1015 1956 1081 2015 rest
1080 1949 1196 2015 curari
1224 1949 1358 2030 iubebat,

244 2039 337 2121 quasi
373 2039 435 2104 iter
471 2040 629 2120 quoddam
663 2045 785 2119 suscept
785 2059 864 2102 urus
896 2044 983 2102 esset.
1044 2038 1132 2103 Obiit
1167 2044 1272 2103 autem
1309 2001 1360 2103 dii

248 2135 298 2192 10
322 2127 430 2192 Mart'
405 2127 445 2191 tri
474 2148 499 2192 c.
527 2149 558 2191 a.
583 2128 682 2190 626.4
726 2127 819 2192 Socio
847 2126 1035 2191 moribundo
1063 2127 1205 2206 fratrum
1235 2133 1361 2192 catuna

245 2219 374 2281 adstare
396 2216 521 2296 solebat,
545 2221 580 2279 nt
601 2215 729 2279 animae
752 2217 859 2280 det
812 2215 859 2280 ait
858 2238 880 2280 a
902 2215 1027 2281 maenti
1049 2236 1210 2297 supremos
1227 2215 1362 2280 bonores
1379 2238 1406 2278 so

239 2305 412 2386 psallentes
434 2303 606 2369 tribuerent
614 2305 636 2366 ³.

149 2417 227 2467 mis.
354 2391 606 2472 *Eustasius
644 2391 718 2456 item
756 2413 772 2456 e
808 2391 1079 2473 Burqundionum
1110 2413 1224 2474 penere
1260 2392 1361 2456 nobili

247 2487 342 2562 ortus,
373 2486 409 2546 ut
438 2487 507 2544 erat
535 2480 699 2562 indiqena,
731 2503 752 2545 a
781 2480 928 2545 comitatu
957 2480 1061 2546 sancti
1084 2480 1230 2546 Luaouio
1259 2481 1360 2546 absce-

247 2569 357 2651 dentis,
387 2574 423 2633 ut
447 2575 631 2649 remaneret,
663 2569 792 2633 acubus
820 2576 898 2651 erat,
929 2570 1093 2635 laborante
1115 2569 1230 2635 Mietio
1259 2568 1362 2651 ipsius

247 2657 411 2738 auunculo,
435 2657 491 2738 qui
513 2657 659 2723 ecelesiae
675 2657 874 2740 Linqonicoe
895 2658 1056 2739 episcopus
1078 2665 1152 2725 tunc
1169 2659 1362 2740 praeerat⁵,·
1380 2678 1406 2719 ss

246 2749 302 2812 sed
324 2753 435 2827 postea
461 2766 531 2812 cum
559 2746 667 2811 multis
694 2745 853 2826 fratribus
875 2746 1129 2812 Luaooiensibus
1156 2749 1201 2812 ad
1225 2747 1362 2812 Tbeude·

247 2838 367 2902 bcrtmn
389 2855 493 2918 rcqem
515 2834 716 2917 consupisse⁶
738 2833 870 2914 uidetur,
898 2857 968 2900 cum
997 2834 1082 2900 inter
1111 2856 1162 2901 eos
1190 2842 1276 2918 esset,
1307 2834 1363 2917 qui

239 2945 345 3010 prope
382 2923 594 3006 Briqantiam
639 2944 709 2989 cum
746 2929 855 2988 sancto
893 2929 1107 2988 uersarentur.
1168 2924 1260 2990 Idem
1297 2925 1362 2990 loco

245 3012 402 3098 maqistri,
432 3035 502 3080 cum
531 3012 655 3078 Albala
683 3011 787 3093 ipsum
817 3012 962 3093 subsequi
990 3013 1153 3078 maluisset
1180 3033 1278 3094 neque
1306 3011 1363 3093 qui

246 3105 327 3169 alter
355 3101 538 3186 desiqnatus
567 3107 638 3167 erat
669 3101 874 3168 Waldclenus
900 3101 1104 3183 praepositus
1136 3101 1242 3182 sactus
1274 3106 1361 3181 essct,
1381 3127 1409 3169 so

246 3190 473 3256 monasteriam
488 3189 687 3255 Inmooiense
700 3190 905 3272 qubernabat,
924 3195 1079 3272 patreque
1094 3191 1249 3271 desumto,
1267 3189 1363 3254 etiam

246 3278 371 3345 abbatis
399 3299 513 3343 nomen
541 3278 666 3343 meruit.
718 3279 774 3342 En
802 3278 905 3343 Italia
933 3299 1078 3344 reversus
1088 3279 1107 3360 ⁷,
1138 3299 1198 3361 quo
1227 3279 1364 3361 leqatum

247 3388 317 3432 eam
339 3387 362 3430 a
381 3363 565 3431 Oldotbario
587 3365 718 3431 missum
741 3387 807 3432 esse
828 3388 927 3449 supra
947 3366 1110 3448 enarravi,
1128 3388 1192 3449 pro
1207 3365 1364 3433 communi

247 3452 430 3521 necessitate
459 3459 488 3519 ct
516 3453 654 3534 sortasse
676 3473 740 3537 pro
763 3455 988 3521 Leudemundo
1017 3454 1159 3538 episcopo
1185 3453 1364 3522 Sedunensi
1456 3455 1458 3458 ’

248 3545 487 3626 deprecatumrs,
522 3541 578 3624 qai
605 3542 836 3625 perduellionis
868 3565 942 3610 reus
970 3543 1151 3610 Maecium
1184 3545 1229 3610 ad
1259 3543 1364 3626 mosum
1383 3569 1410 3612 a

248 3655 280 3698 a.
315 3627 427 3715 slafe.
463 3630 680 3714 consuqerat⁸,
715 3632 761 3696 ad
790 3634 922 3698 eundem
955 3654 1059 3716 repam
1092 3654 1126 3699 se
1159 3632 1290 3699 cuntulit
1326 3631 1364 3697 in

249 3719 406 3786 Nerustria
433 3718 631 3785 residentem.
676 3720 815 3786 Danum
843 3741 1005 3805 repressus
1027 3728 1231 3805 praeceptum
1260 3721 1364 3787 sancti

248 3808 377 3891 inplere
399 3809 551 3890 studebat,
578 3815 615 3874 ut
639 3816 746 3892 qentes
773 3808 899 3876 uicinas
926 3812 991 3892 lide
1020 3810 1175 3878 oatbolica
1202 3810 1364 3877 imbueret.

248 3899 301 3963 Eo
322 3903 426 3963 ouen
448 3896 582 3964 consilio
604 3899 693 3964 baud
712 3897 761 3963 ita
783 3898 874 3981 unqe
896 3922 917 3964 a
939 3899 1132 3975 monasterio
1154 3897 1309 3983 propredi
1334 3896 1366 3964 ei

249 4007 327 4069 opus
348 3992 427 4052 crat
472 3986 530 4052 Ad
549 3992 714 4070 atramque
735 3986 842 4053 Dubis
863 3987 960 4065 fluvii
982 3988 1091 4070 ripam
1119 3986 1280 4069 Warasci,
1310 3985 1367 4069 qui
1384 4012 1413 4053 a

249 4176 840 4249 1)r..cuomu,m.2)1o.11,o.
912 4178 1127 4248 ommno.
1201 4177 1367 4249 onan

248 4176 1365 4388 i,ierosomsalbuni.is)..i'cauo1,so.(domnion

471 4320 1309 4391 aequarucnufflumsunmmmmm.
