2978 4928
241 321 275 376 38
453 315 578 386 Ionos,
592 315 712 372 VITAE
731 314 960 371 COLUMBANI
977 313 1086 369 LIBRI
1103 313 1143 371 11.

241 499 390 566 nobccrbio
420 497 671 564 Matiscoueusis
700 497 790 562 urbis
820 498 1027 562 consederant
1055 495 1106 561 die
1135 502 1258 573 statuto,
1290 517 1361 562 cum

241 588 341 654 subito
363 591 468 653 maior
490 588 600 652 domm
621 593 719 651 morte
738 591 935 669 praeuentus
961 583 1086 650 interiit
1095 585 1115 646 1.
1167 586 1233 666 Quo
1257 585 1362 650 mulne

241 677 394 758 fiduciam
432 675 691 742 aduersariorum
725 681 754 739 et
791 672 945 757 inprimis
978 673 1121 755 Aprestii
1158 673 1361 738 imminutam

148 788 223 838 mn.
241 787 307 831 esse
341 765 489 831 credibile
523 770 576 829 est.
627 762 804 828 Accusator
835 761 920 826 enim
954 783 1084 843 surqens
1118 784 1155 826 ea
1189 782 1270 843 quae
1305 762 1361 828 'in

247 852 434 920 Columbini
463 854 605 933 requlom
635 851 697 916 sibi
726 850 890 916 obiciendo
919 857 1012 915 erant
1041 849 1243 915 trementibus
1266 850 1393 916 labiiss

242 941 416 1022 edisseruit,
448 941 565 1006 scilicet
593 941 759 1020 superflua
787 946 817 1004 et
839 938 1012 1006 canonicae
1032 937 1229 1005 institutioni
1251 938 1362 1005 aliena

242 1032 302 1096 illa
336 1029 499 1110 contineri,
535 1027 630 1093 veluti
663 1028 856 1109 frequentem
889 1034 919 1092 et
951 1027 1104 1109 siquandi
1134 1026 1306 1092 coclcleoris
1333 1034 1362 1092 et

243 1117 468 1184 benedictionis
490 1117 689 1198 quaerendae
712 1115 965 1181 cousuetudinem
975 1118 996 1197 ²,
1019 1122 1223 1197 sanctumque
1245 1138 1267 1181 a
1289 1123 1362 1182 cete·

243 1228 353 1271 rorum
375 1206 515 1271 moribus
544 1205 713 1270 desciscere
742 1205 869 1270 diuersa
899 1211 928 1269 et
956 1204 1128 1269 missorum
1156 1204 1362 1270 celebratione

243 1301 273 1360 et
301 1302 443 1359 tonsura
494 1293 641 1374 Quaestio
670 1292 717 1375 iqi
718 1299 770 1358 tur
798 1293 950 1374 monimo,
985 1313 1049 1374 qua
1077 1293 1225 1374 publicus
1254 1314 1362 1357 imum
1380 1317 1406 1357 ιο

244 1385 320 1447 ordo
343 1384 534 1463 turbaretur
559 1381 726 1464 pascbolis
747 1382 874 1463 scilicet,
906 1382 1036 1447 anua
1066 1382 1204 1447 consulto
1235 1382 1362 1446 silentio

237 1470 470 1571 praetermisso
492 1477 546 1552 est,
525 1472 723 1535 tdumtot
679 1477 743 1535 tota
769 1491 850 1552 quae
872 1470 923 1535 otc
946 1491 1001 1536 cas
1001 1469 1122 1551 cqotur
1144 1470 1362 1569 discrepantia

243 1559 328 1625 inter
357 1565 523 1658 utrumqne
555 1559 653 1623 rituum
687 1558 815 1624 lenioris
848 1558 996 1624 momercti
1029 1565 1082 1639 est,
1062 1561 1162 1623 tad
1194 1558 1298 1624 intest
1288 1558 1363 1623 inas

244 1655 300 1713 tan
302 1655 367 1714 tum
384 1655 458 1730 pert
457 1648 551 1713 inens
572 1669 632 1712 res
671 1649 762 1712 Idem
785 1650 823 1713 de
845 1610 1102 1713 reconciliatiorie
1123 1647 1353 1712 dicendumt
1308 1653 1361 1727 est,

243 1757 339 1837 quom
354 1738 457 1802 Ionos
474 1736 522 1802 ita
536 1737 657 1836 factam
676 1758 740 1801 esse
758 1743 822 1801 stat
809 1736 878 1815 tuit
901 1736 1081 1818 utAqresti
1068 1757 1133 1800 cum
1157 1735 1362 1818 disciplinam
1381 1760 1407 1799 a

243 1825 448 1908 institutaque
481 1825 629 1907 maqlslri
662 1827 777 1891 dett
701 1832 777 1890 ttrec
777 1847 820 1890 an
822 1832 881 1889 tem
910 1824 1083 1889 Eustasius
1115 1824 1362 1924 haudquaquam

239 1915 399 2015 patienter
427 1914 578 1994 ferens
564 1936 599 1979 m
602 1921 654 1979 tra
676 1920 876 2013 praesentem
900 1934 1022 1978 anuum
1045 1913 1081 1977 in
1108 1913 1175 1978 di'
1130 1934 1252 1977 cornum
1281 1913 1362 1979 iudi·

244 2004 326 2069 cium
356 2003 535 2084 vocavisset,
566 2024 626 2085 quo
650 2002 824 2084 procsaqio
854 2009 931 2101 terr
928 2001 992 2066 bili
1015 2001 1125 2082 partis
1148 2003 1266 2082 Aqrest
1266 2001 1363 2068 ianae

243 2093 386 2171 fautores
401 2091 544 2173 perculsi
567 2091 767 2157 concordiam
786 2097 862 2155 resti
857 2090 1004 2155 tuissent.
1043 2090 1259 2170 Manifestum
1278 2091 1364 2156 enim

244 2186 297 2260 est,
331 2180 512 2261 quaestione
539 2179 689 2261 pasclooli
723 2180 840 2260 neqlecl
841 2202 871 2259 a,
906 2179 1065 2262 episcopos
1096 2200 1165 2243 cum
1199 2179 1364 2244 monacbis
1381 2202 1407 2242 so

244 2267 497 2333 Iomouienslbus
515 2289 687 2349 numquam
703 2270 893 2332 concordare
910 2268 1059 2348 potuisse,
1083 2267 1221 2349 ideoque,
1246 2267 1276 2332 si
1293 2288 1363 2348 pan

245 2362 318 2422 tunc
348 2356 437 2434 facta
466 2362 520 2432 est,
551 2356 588 2420 id
609 2358 692 2436 quod
720 2376 785 2419 uon
807 2357 961 2438 neqorim,
993 2363 1098 2420 tomen
1120 2356 1319 2421 condiciones
1342 2377 1363 2419 a

241 2451 336 2528 parte
365 2445 500 2508 aduersa
530 2443 665 2509 dictatos
694 2465 791 2526 eaque
820 2444 982 2510 occasione
1011 2466 1076 2508 uon
1098 2445 1198 2508 solum
1220 2445 1363 2527 repulam

245 2532 460 2612 reformatam,
496 2534 551 2596 sed
580 2532 674 2596 etiam
704 2532 870 2613 antiquom
901 2534 1075 2598 Scottorum
1109 2533 1363 2617 supputationem

244 2622 430 2703 obroqatom
446 2642 510 2685 esse
525 2641 647 2686 necesse
662 2623 734 2686 est³.
770 2623 836 2703 Quo
851 2622 945 2703 facto,
962 2643 1031 2686 oum
1047 2621 1163 2703 reliqui
1179 2621 1362 2687 Galliarum
1381 2646 1408 2685 a

245 2708 380 2791 episcopi
410 2715 474 2773 tum
497 2710 656 2774 Abelenus
677 2709 842 2775 monacbis
871 2732 936 2774 non
959 2711 1059 2775 solum
1081 2731 1146 2774 non
1169 2709 1361 2789 obstiterunt,

244 2797 416 2863 sedetiam
440 2799 485 2862 ad
513 2800 737 2878 confirmando
763 2799 951 2865 Columboni
972 2799 1120 2864 instituto
1143 2819 1271 2882 operam
1295 2819 1363 2863 con-

245 2888 392 2952 tulerunt.
437 2887 612 2952 Eustasius
640 2894 744 2952 autem
766 2887 972 2971 disciplinam
1004 2887 1211 2952 coenobialem
1233 2885 1363 2952 minime

244 2977 413 3058 remittens,
437 2976 493 3059 qni
507 2976 657 3060 Aprestio
680 2976 816 3058 aliisque
838 2976 1049 3042 secedentibus
1064 2976 1127 3041 sibi
1143 2982 1364 3041 remanserant

244 3086 295 3131 eos
317 3065 461 3147 colliqere
483 3068 634 3132 studebat.
681 3065 834 3130 Monimo
856 3065 1083 3130 monachornm
1105 3064 1272 3129 noccltitudo
1294 3064 1364 3145 ipso
1382 3088 1408 3128 so

242 3156 438 3236 qnbernonte
465 3155 645 3220 Lucceium
674 3155 837 3235 confluxit,
867 3155 915 3220 ita
944 3160 978 3218 nt
1007 3155 1091 3219 locus
1119 3153 1175 3217 oio
1203 3154 1365 3233 sufficeret

245 3241 372 3323 aliaque
394 3243 431 3306 in
453 3243 571 3310 uicinis
597 3243 674 3308 locis
696 3242 892 3309 monasteria
915 3244 1125 3308 construenda
1147 3248 1256 3322 essent,
1284 3262 1364 3322 quoe

244 3329 327 3395 sicud
352 3330 621 3396 Grandiuallense
643 3332 862 3396 Waldebertus
888 3331 956 3396 eius
978 3331 1157 3396 successor4
1181 3329 1228 3411 (a.
1247 3336 1364 3394 629-

246 3416 327 3499 670)
351 3417 541 3498 aedificarit.
581 3419 755 3484 Eurum
777 3419 853 3500 ipse,
873 3427 1039 3501 postquam
1057 3440 1119 3501 per
1141 3419 1276 3501 triqinta
1296 3418 1364 3483 dies

246 3505 428 3588 oeqrotaoit,
453 3529 484 3571 o.
503 3514 576 3587 629,
601 3507 652 3572 die
676 3514 707 3570 2.
723 3507 860 3589 Aprilis,
884 3508 1027 3573 animam
1050 3508 1225 3589 suspiravit
1234 3509 1255 3570 ⁵.
1383 3529 1409 3568 u

247 3733 273 3800 1)
296 3732 344 3784 Eu
362 3734 417 3786 loco
435 3734 637 3800 Frodeqariono
654 3735 706 3800 IV,
723 3736 767 3799 54,
786 3750 875 3787 onnus
897 3736 1003 3787 concilii
1020 3735 1224 3787 Matisconeusss
1242 3740 1365 3786 accurate

245 3805 464 3858 determinandus
488 3810 534 3872 est,
560 3806 590 3856 id
612 3807 682 3873 qnod
704 3808 887 3874 praetermisit
912 3806 943 3862 F.
965 3805 1097 3871 Moassen,
1124 3806 1242 3858 Concilio
1260 3804 1283 3868 I,
1302 3807 1363 3859 206.

246 3875 275 3945 2)
287 3876 393 3942 Reputo
407 3876 505 3930 coenob.
524 3893 545 3931 c.
560 3879 583 3930 1.
597 3880 621 3931 3.
685 3878 714 3942 3)
728 3878 762 3935 Α,
775 3876 882 3942 Houclc,
902 3877 1115 3942 ‘Kircbeuqescln
1128 3875 1329 3929 Dcutsoblonds'
1340 3875 1363 3940 I,

242 3949 345 4014 12284.
359 3949 411 4003 286
420 3947 438 4014 ³,
454 3947 614 4000 columbano
625 3949 734 4013 ecpouo
746 3949 895 4001 Scottorum
909 3951 1124 4015 supputationum
1139 3951 1194 3998 iom
1207 3947 1364 4012 obroqotom

246 4033 299 4070 csse
317 4018 408 4085 uoluit,
427 4020 477 4070 etsi
493 4018 596 4084 reliquo
612 4033 702 4070 eorum
720 4021 845 4070 instituto
860 4020 992 4087 usquead
1003 4020 1133 4084 synodum
1146 4019 1365 4070 Matisconcnsem
1382 4024 1409 4064 40

242 4088 406 4154 perdurasse
424 4089 555 4140 traditum
573 4094 617 4144 cst.
684 4088 713 4159 4)
731 4091 760 4143 V.
780 4089 917 4141 Mirus-ulo
935 4089 1098 4142 Wablebuti
1114 4096 1137 4143 et
1152 4088 1278 4141 Eustosii
1293 4092 1362 4140 auct.

245 4158 426 4282 ffliwbss'
443 4160 510 4226 XV,
524 4162 601 4215 1172.
675 4159 702 4230 5)
719 4161 785 4212 Vide
802 4177 832 4212 ea
849 4177 916 4228 quoe
933 4162 1014 4225 iufra
1033 4161 1069 4212 od
1084 4161 1116 4215 V.
1136 4159 1363 4224 Coluncb.11,10‚
1443 4189 1447 4196 ·

282 4244 317 4281 no
329 4246 379 4284 on.
