2978 4928
238 367 273 422 26
450 363 575 433 IONAB,
588 362 711 419 VITAE
730 361 961 419 GOLUMBANI
978 360 1087 416 LIBRI
1102 361 1143 418 Π.

238 547 414 629 eliebantur,
445 549 490 612 ael
518 547 653 612 alteram
682 567 754 612 cero
777 546 972 629 purpatione
1005 544 1164 610 citiorum.
1219 545 1359 612 Satietos

237 642 329 718 atque
351 636 486 701 ebrietas
513 635 687 718 sapienciae
714 642 816 717 mont,
851 635 997 716 cibusque
1031 633 1105 697 uilis
1138 655 1177 698 ec
1211 633 1356 716 oleribus,

237 725 454 807 lepuminr'bus,
477 724 595 804 farina
618 724 712 806 aquis
734 724 835 789 minio
854 722 1040 788 consistebat
1062 743 1131 787 eum
1148 743 1252 804 paroc
1269 745 1358 805 pano

230 813 411 896 paximatio
435 809 563 892 (Germ.
582 811 797 895 ‘Zwiebaclo’),
821 834 860 876 ne
882 818 989 876 uenter
1010 817 1199 876 oneraretur
1218 818 1248 876 et
1269 832 1359 878 meus

236 901 454 981 suffocaretur.
493 902 546 967 De
569 923 665 967 carne
687 901 789 983 ipitur
808 900 1020 966 Columbanus
1035 921 1074 964 ne
1089 901 1216 964 uerbum
1231 899 1357 981 quietem
1376 924 1389 964 s

235 991 330 1073 fecit,
364 1012 433 1056 eum
464 998 569 1055 autem
600 995 716 1056 constet
739 990 857 1054 Scottos
880 988 1023 1070 piscatui
1046 990 1215 1053 admodum
1238 989 1358 1054 deditos

235 1079 345 1162 fuisse,
369 1100 435 1144 non
457 1078 527 1144 sine
550 1099 648 1144 causa
671 1079 849 1144 conclusum
873 1085 925 1159 est,
952 1076 1104 1142 maimem
1127 1077 1228 1142 notus
1250 1097 1358 1143 eorum

229 1175 358 1250 partem
382 1167 527 1249 piscibus
549 1167 724 1233 constitisse
733 1167 754 1229 ¹.
803 1166 927 1232 'Cotidie
953 1165 1165 1231 ieiunandum
1194 1172 1272 1248 erat,
1302 1168 1359 1231 secl

236 1258 418 1338 cauendum,
449 1278 489 1320 ne
512 1255 705 1321 abstinentia
727 1257 853 1321 moelem
882 1257 1031 1321 excedens
1053 1256 1234 1337 profectum
1263 1255 1357 1337 spiri-

236 1345 352 1410 tualem
374 1345 549 1427 impediret.
596 1344 689 1409 Inter
710 1344 800 1425 coitio,
830 1346 868 1410 ele
895 1343 1008 1426 quibus
1031 1351 1096 1409 octo
1119 1343 1357 1427 principalibus
1376 1368 1402 1408 ιο

241 1433 455 1499 Columbaria
484 1453 657 1499 sermonem
681 1433 878 1515 peculiarem
908 1433 1016 1515 elidit,
1051 1453 1141 1514 auem
1172 1432 1263 1498 tertio
1292 1434 1357 1498 loco

238 1520 337 1588 ‘Ordo
365 1522 470 1588 sancti
497 1521 685 1587 Columbani
714 1522 837 1588 abbatie
867 1524 904 1587 cle
933 1522 1000 1587 cita
1035 1528 1064 1587 et
1096 1521 1219 1587 actione
1250 1542 1357 1586 mona·

236 1611 374 1676 cicorum’
399 1611 564 1693 continete,
589 1632 685 1693 quam
699 1610 837 1676 maxime
852 1611 1113 1692 abhorrebantur,
1138 1609 1251 1691 arcibus
1274 1612 1357 1676 bona

236 1700 345 1765 omnia
367 1699 635 1783 interimerentur,
659 1699 787 1765 oanitos
810 1707 839 1765 et
858 1699 1126 1783 ploriatio‘elata.
1165 1700 1222 1763 Art
1243 1698 1357 1764 discer-

235 1791 342 1854 nenda
372 1791 453 1855 bona
482 1795 513 1853 et
540 1790 629 1854 malo
660 1789 831 1855 discrimen
859 1787 1023 1855 monacbis
1051 1788 1265 1853 necessarium
1287 1795 1401 1853 erata

235 1885 265 1943 et
292 1877 444 1959 inprimis
473 1880 655 1958 canendum,
689 1900 728 1943 ne
757 1880 851 1943 rebus
880 1884 937 1943 aut
964 1877 1112 1942 secundis
1141 1876 1277 1942 nimium
1307 1897 1356 1941 en-

235 1967 417 2032 tollerentur
451 1973 507 2032 ant
540 1967 685 2032 aduersis
722 1967 858 2032 nimium
896 1966 1155 2047 deprimerentur.
1209 1965 1357 2048 Denique

235 2056 383 2138 spuanim
394 2056 443 2121 oel
453 2077 580 2123 cursum
589 2056 790 2139 psalmorum
801 2055 1020 2121 storatianum
1032 2056 1158 2119 modum
1170 2055 1357 2120 canonicum

233 2144 301 2208 ritn
322 2145 484 2210 seniorum
505 2165 635 2211 suorum
664 2144 877 2210 Colurnbanus
898 2144 946 2208 ita
968 2143 1159 2224 instituerat,
1190 2149 1226 2207 ut
1247 2143 1356 2225 primo

235 2233 320 2297 inter
341 2233 619 2299 reverendissimos
642 2233 817 2299 dominicos
835 2233 1002 2299 sabbataoe
1018 2239 1109 2314 atque
1125 2232 1269 2312 officinm
1285 2232 1356 2298 coti·
1374 2257 1401 2297 so

235 2320 369 2386 ilianum
381 2321 596 2404 olistinpueret,
610 2322 722 2387 deinde
733 2322 828 2387 etiam
840 2328 1011 2403 tenuiorum
1023 2320 1189 2403 qualitatis
1199 2321 1356 2386 rationem

235 2409 371 2475 baberet.
424 2408 566 2474 Oursns³
595 2410 679 2475 enim
709 2410 833 2494 lonqior
857 2432 919 2492 per
948 2411 1060 2492 lonpas
1089 2417 1200 2491 noctes,
1233 2410 1356 2476 breuior

228 2519 291 2580 per
314 2499 420 2564 breoes
442 2519 506 2564 esse
529 2497 559 2563 ei
581 2498 669 2564 risus
691 2506 769 2565 erat.
813 2501 919 2582 Quare
937 2520 976 2565 en
999 2499 1103 2563 VIII.
1120 2500 1183 2563 Ital.
1201 2499 1265 2562 Iul.
1286 2519 1354 2564 cum

235 2587 336 2652 noctis
359 2593 524 2671 aupmento
547 2588 663 2652 sensim
694 2609 829 2654 crescere
859 2589 964 2670 coepit,
996 2587 1093 2668 pinna
1123 2594 1226 2652 autem
1254 2587 1355 2652 bieme

235 2695 274 2740 en
296 2675 401 2741 VIII.
419 2677 482 2742 toal.
502 2677 584 2758 Apr.
602 2698 666 2758 per
686 2698 742 2742 oer
763 2677 881 2742 sensim
904 2679 1088 2742 decrescere.
1132 2676 1229 2758 Oripo
1245 2696 1355 2742 cursus
1374 2700 1400 2739 a

236 2765 412 2830 Scottorum
435 2765 566 2848 proprii
588 2769 633 2831 acl
654 2768 777 2831 beatum
799 2768 953 2831 Marcum
975 2765 1110 2831 saearlis
1126 2764 1356 2847 posterioribus

234 2854 338 2919 relata
367 2860 420 2934 est,
451 2856 534 2920 sicut
555 2861 665 2921 auctor
686 2855 812 2937 ipnotus
842 2855 917 2919 libri
940 2856 978 2920 de
1001 2875 1149 2921 cursuum
1172 2853 1355 2919 ecclesiasti-

235 2964 342 3009 corum
366 2943 489 3026 oripine
512 2950 645 3010 testatur
667 2944 718 3008 bis
741 2943 884 3009 oerbis⁴:

235 3138 261 3198 1)
284 3137 328 3200 Cf.
346 3137 478 3202 Rettberp,
499 3134 713 3202 ‘Kircltenpescln
730 3133 935 3188 Dentschtnnds’
948 3136 988 3201 II,
1002 3137 1062 3193 680.
1117 3135 1145 3204 2)
1165 3136 1210 3186 Ito
1228 3141 1357 3201 quonum·

235 3208 394 3259 Columbani
416 3223 548 3260 sermones
572 3209 710 3273 insoripsit
736 3207 822 3259 notior
845 3209 1006 3259 nouissimus
1030 3206 1138 3258 Seeboss
1163 3205 1314 3272 (‘Zeitsoltr.
1333 3209 1354 3270 f.
1374 3221 1401 3261 so

234 3277 448 3344 Kircbenpescb!
474 3278 557 3345 XIV,
581 3295 611 3345 p.
631 3281 666 3333 78
677 3282 755 3345 saa).
802 3279 980 3331 Collectionem
1006 3293 1158 3330 sermonum
1184 3292 1252 3345 quae
1278 3279 1356 3329 tituto

235 3350 439 3401 ‘Instructiones
469 3349 632 3402 Columbani’
663 3349 901 3414 circumferebatur
931 3350 986 3416 ipsi
1016 3350 1085 3401 male
1115 3349 1273 3400 attributam
1304 3363 1355 3399 esse

233 3425 367 3472 statueret
396 3422 429 3474 Α.
452 3419 551 3473 Hauclr
580 3420 732 3486 (‘Zeitscltr.
759 3423 779 3485 f.
805 3421 901 3474 birchl.
926 3421 1082 3472 Wissensclt.
1112 3421 1169 3472 und
1199 3419 1356 3472 lcircitlicbes

233 3491 337 3558 Leben',
356 3493 394 3546 erl.
413 3492 558 3558 Imtltorrlt,
578 3491 689 3559 Lipsiae
708 3494 785 3557 1885,
808 3507 838 3558 p.
851 3493 1022 3557 sss-364),
1048 3492 1110 3543 bene
1135 3492 1354 3556 animadvertens,

234 3565 283 3630 qui
301 3564 331 3614 in
348 3565 523 3615 instrnutionc
537 3563 653 3614 secundo
665 3562 770 3629 (Mipne
782 3562 901 3628 LXXX,
921 3564 967 3617 col.
981 3565 1047 3622 233)
1066 3563 1212 3615 umbratur
1224 3559 1356 3613 Faustum
1374 3576 1401 3616 st>

234 3649 288 3686 non
306 3650 359 3686 esse
377 3635 543 3700 Cornpallum
562 3633 721 3687 Columbani
740 3639 947 3700 praeceptorem,
973 3635 1017 3686 secl
1035 3634 1170 3686 Retensem
1196 3635 1274 3684 illum
1295 3634 1355 3683 cele·

234 3706 387 3760 berrimum.
425 3707 549 3756 Attamen
571 3720 623 3772 per
641 3705 807 3756 Seebassium
825 3705 973 3771 (‘Zcitschr.
993 3708 1014 3770 s.
1033 3704 1248 3770 Kircltenpesclu'
1267 3703 1353 3769 XIII,

230 3794 260 3844 p·
274 3781 326 3833 513
336 3779 404 3843 sqq.)
422 3781 550 3843 quantur
567 3791 631 3842 quos
649 3776 712 3826 diui
727 3791 859 3828 sermones
872 3777 1033 3828 Oolrcmbono
1049 3782 1140 3828 nostro
1156 3779 1253 3828 iterum
1268 3776 1356 3826 vindi·

235 3851 289 3900 coti
316 3853 394 3912 sunt,
425 3849 580 3899 assentiente
609 3847 695 3898 eodem
725 3848 760 3901 A.
787 3846 892 3913 Hariolo,
925 3847 1149 3913 ‘Kirclcenpeschl
1177 3847 1200 3913 I,
1228 3862 1257 3912 p.
1276 3845 1355 3900 261³.

235 3918 262 3987 3)
281 3919 379 3970 Locum
398 3919 535 3983 difficilem
553 3918 662 3983 reputas
675 3917 901 3970 Columbonionoe
919 3921 1110 3984 interpretatus
1126 3919 1157 3970 de
1172 3932 1267 3970 cursus
1278 3917 1356 3984 psal·
1374 3931 1402 3970 40

234 4006 340 4042 morum
358 3991 463 4040 ratione
483 3990 535 4053 epit
556 3988 587 4042 Gr.
603 3989 702 4055 Morin,
723 3989 905 4055 ‘Explication
925 3991 990 4041 ‹t’rcn
1007 4005 1122 4057 pussope
1139 3991 1170 4040 cle
1190 3991 1217 4039 ta
1234 3987 1306 4052 ripis
1324 3988 1355 4038 cle

234 4064 306 4112 saint
320 4059 461 4112 Colornban
480 4059 609 4123 relatifb
629 4061 723 4126 l’office
740 4062 896 4113 olesmoines
914 4060 1166 4128 arcamariani
1179 4058 1355 4124 Benedictine,
1399 4084 1401 4089 ν

234 4130 495 4192 Moredsous1895'‚
509 4129 578 4195 XII,
593 4146 623 4196 p.
637 4134 689 4186 200
698 4135 759 4199 sp).
817 4131 845 4200 4)
864 4133 917 4185 aa.
931 4132 1052 4182 Hadrian
1064 4137 1087 4182 et
1099 4131 1203 4197 Stubbs,
1223 4130 1356 4181 ‘Councils

235 4204 291 4253 ani
315 4202 498 4254 ecdmiostical
523 4202 672 4254 decurrente
695 4203 811 4269 relatinp
830 4210 856 4254 to
876 4204 960 4255 Greot
978 4204 1090 4255 Britain
1116 4203 1172 4252 ani
1189 4201 1311 4253 Ireloni’
1330 4201 1355 4264 I,

230 4290 260 4341 p.
276 4276 335 4328 139.
363 4274 473 4336 Auctor,
492 4275 540 4338 qui
557 4275 625 4324 citas
644 4274 780 4340 Germani,
800 4275 882 4341 Lupi,
903 4273 1067 4339 Columbini,
1086 4274 1218 4338 Enetosii,
1238 4272 1356 4323 Attentos
1374 4285 1401 4324 4⁵

234 4347 341 4410 lecerat,
370 4343 516 4395 monachus
543 4349 601 4396 erat
627 4347 696 4396 ritu-i
719 4346 866 4397 Hibernico
892 4346 1014 4396 aceruus
1042 4359 1153 4410 cecoque
1178 4343 1355 4408 Korolinptoo
