2978 4928
404 405 665 474 10NAS,V1rA1l
683 404 912 460 GOLUMBANI
930 403 1038 459 LIBRI
1056 405 1097 462 H.
1274 409 1312 462 4u

189 589 322 655 missum
351 591 476 654 domum
504 587 630 652 visendi
658 586 890 668 impetraverat,
926 608 995 651 cum
1024 588 1184 668 quondam
1205 609 1310 653 mense

190 677 373 743 Februario
402 676 526 742 Attalo
554 676 652 741 abbas
680 696 740 740 sua
773 680 880 756 sponte
908 674 973 757 ipsi
1001 674 1179 758 imperavit,
1210 683 1245 742 ut
1272 676 1311 742 in

184 765 332 850 patriam
355 765 613 847 proficisceretur
634 765 784 845 nullaque
813 783 904 828 mora
931 770 1148 829 reverteretur.
1194 766 1310 847 Itaque

191 861 327 938 tempore
349 853 446 918 nimii
467 852 612 936 friqoris,
637 853 820 935 presbytero
849 851 1042 933 diaconoque
1070 852 1234 919 comitibus
1255 855 1309 918 ad

159 943 268 1010 oditis
301 945 346 1007 ad
373 941 609 1008 custodiendam
642 940 767 1006 iuvenis
799 940 1053 1022 sanctimoniam,
1088 942 1215 1024 lonqum
1248 941 1310 1006 iter

191 1031 334 1112 suscepit,
358 1031 448 1096 cuius
470 1029 575 1095 media
591 1050 675 1111 pars
697 1029 804 1094 triduo
819 1030 962 1094 absoluta
981 1028 1192 1111 videturesse,
1216 1037 1309 1112 atquc

191 1141 311 1186 summo
331 1119 451 1202 qoudio
473 1141 495 1184 a
517 1125 618 1184 matre
640 1119 804 1198 fratreque
825 1124 966 1199 receptus
988 1124 1041 1198 est,
1065 1119 1121 1183 sed
1141 1119 1230 1184 band
1251 1118 1308 1184 diu

192 1215 295 1292 optato
317 1215 443 1290 aspectu
464 1207 516 1272 illi
538 1207 737 1287 fruebantur,
765 1227 843 1271 nam
865 1212 957 1272 noctu
985 1206 1127 1287 febribus
1149 1214 1308 1289 correptae

191 1298 294 1362 Ionas
326 1294 592 1361 vehementissime
629 1294 837 1375 desidaabat,
875 1301 911 1359 ut
946 1315 1042 1376 quam
1079 1295 1229 1362 alanne
1265 1297 1310 1361 ad

147 1411 174 1453 ιο
191 1385 418 1455 umnasterivm
443 1384 570 1449 rediret.
621 1385 688 1465 Quo
711 1404 781 1448 cum
802 1383 988 1465 advenisset,
1019 1385 1161 1449 abbatem
1182 1384 1250 1449 iam
1271 1384 1328 1449 in·

191 1480 331 1540 evtrema
352 1479 450 1538 morto
466 1472 606 1555 positum
624 1472 770 1554 repperit,
794 1471 849 1553 qui
867 1471 919 1537 die
938 1479 987 1535 10.
1004 1471 1126 1537 Martii
1141 1495 1167 1538 c.
1184 1496 1214 1538 a.
1232 1479 1307 1538 626.

191 1562 274 1629 diem
296 1582 475 1644 supremum
498 1561 583 1626 obiit.
622 1561 709 1625 Erat
730 1567 835 1626 auton
852 1560 954 1626 Ionas
976 1561 1154 1626 ministerio
1168 1561 1308 1627 Albalac

192 1650 368 1731 addictasl,
392 1671 482 1732 quem
505 1651 604 1715 locum
627 1651 717 1733 apud
742 1649 970 1714 Columbanam
993 1649 1067 1715 olim
1090 1649 1258 1715 Domoalis
1280 1656 1310 1716 et

196 1738 422 1821 Obaqnoaldns
448 1745 685 1821 occupaverant,
716 1737 925 1820 epistolaeque
954 1738 994 1803 ab
1018 1738 1129 1804 abbate
1151 1739 1308 1820 perlectae

148 1852 173 1893 ιι
191 1827 292 1894 eidem
314 1829 528 1893 ossermndae
546 1828 763 1907 tradebantur,
787 1825 868 1891 sicut
884 1826 1030 1909 Aprestii
1052 1826 1175 1891 litterae
1184 1829 1204 1907 ²,
1228 1848 1308 1909 quas

185 1923 260 1999 post
280 1916 394 1981 maltos
415 1937 520 1981 annos
541 1915 737 1998 neqleqentia
753 1914 904 1997 perdidit,
929 1921 1022 1996 atque
1039 1914 1134 1980 etiam
1156 1936 1308 1996 responsa

191 2005 329 2085 fortasse
347 2004 501 2070 scribebat
520 2025 617 2086 eaque
632 2003 741 2069 omnia
756 2003 888 2085 quaein
903 2002 1086 2068 commercio
1101 2003 1308 2084 epistularum

192 2092 364 2160 coenobioli
397 2095 602 2159 occurrebant
633 2092 809 2158 scribenda.
863 2091 971 2156 Electa
1005 2092 1154 2171 Bertulfo
1187 2092 1306 2173 abbate,

191 2181 276 2246 idem
298 2203 413 2246 munus
435 2181 590 2246 retinebat
611 2187 739 2262 eratque
761 2180 798 2245 in
819 2179 922 2261 ipsius
945 2179 1123 2261 comitatu³,
1147 2201 1217 2245 cam
1237 2179 1307 2261 pri·

146 2295 174 2336 vo
192 2269 300 2352 vileqii
329 2291 427 2335 causa
456 2292 487 2335 a.
513 2276 586 2351 628,
617 2291 721 2334 mense
750 2268 857 2351 Iunio,
888 2269 1023 2333 Romam
1052 2270 1097 2334 ad
1125 2269 1308 2334 Honorium

185 2379 308 2440 papam
329 2358 384 2424 ille
406 2358 545 2424 occessit.
590 2359 701 2423 Abbas
728 2378 879 2441 cepaea
903 2357 987 2424 Urbe
1009 2378 1207 2439 proqressms,
1238 2379 1309 2424 cum
1358 2354 1360 2359 ⁴

191 2446 318 2512 rediens
340 2468 441 2530 prope
462 2446 667 2512 Bismantum
697 2453 835 2512 castrum
863 2446 930 2512 iam
952 2446 1094 2511 dirutam
1116 2447 1148 2511 oi
1169 2446 1308 2526 febrium

192 2535 427 2618 opprimeretur,
461 2556 589 2617 cumque
617 2535 715 2600 tensis
744 2534 888 2600 tentoriis
916 2534 953 2599 in
983 2535 1059 2600 locis
1089 2535 1213 2617 asperis
1235 2556 1307 2618 per·

192 2631 341 2706 noctaret,
366 2624 483 2689 Ionam
505 2623 679 2705 arcessivit,
703 2622 848 2704 curisque
870 2623 975 2703 oflicii
997 2623 1049 2688 sni
1071 2630 1245 2706 occupatus,
1270 2626 1308 2690 de

147 2735 173 2777 m
192 2712 313 2795 viqiliis
350 2712 515 2778 nocturnis
551 2735 621 2778 eum
661 2712 885 2794 interroqavit,
931 2733 1059 2794 cumque
1096 2712 1204 2777 omnia
1240 2713 1308 2778 iam

192 2801 346 2884 disposita
368 2823 433 2866 esse
455 2799 603 2882 audisset,
627 2807 701 2866 anto
722 2807 857 2866 stratum
879 2822 971 2865 suum
987 2822 1048 2882 per
1070 2807 1167 2866 totam
1189 2808 1308 2867 noctem

191 2889 296 2971 ipsum
325 2890 477 2955 excubare
506 2889 608 2955 iussit.
655 2889 767 2955 Etiam
796 2910 866 2955 cum
888 2888 1043 2954 Enstasio
1072 2891 1182 2955 abbate
1204 2891 1308 2954 Lurco

190 2978 294 3043 vnnsi
328 2975 358 3062 (f
382 2973 457 3062 629)
492 2979 594 3043 Ionas
627 2984 828 3043 convasatus
860 2977 985 3042 videtur
1019 2979 1114 3059 esse4,
1153 2978 1219 3042 sive
1256 2977 1310 3043 ille

190 3065 329 3131 Bobium
359 3065 442 3148 visit,
472 3066 546 3148 sive,
573 3069 658 3149 quod
684 3066 804 3147 malim,
834 3066 901 3147 ipso
923 3065 1104 3130 Lavooium
1133 3066 1309 3131 translatus

147 3178 174 3219 oo
191 3161 253 3219 est:
275 3155 444 3221 monachos
473 3155 558 3220 enim
580 3156 666 3220 inter
688 3156 815 3220 abbates
836 3153 1000 3235 utriusque
1022 3153 1209 3219 monasterii
1231 3175 1308 3218 oom-

190 3250 327 3309 mutatos
348 3264 413 3308 esse
434 3242 502 3326 ipse
525 3250 656 3309 testatur
665 3245 686 3307 ⁸.
724 3245 810 3308 Ante
824 3242 965 3321 Bertalfi
984 3241 1100 3307 obitum
1122 3248 1151 3307 et
1172 3243 1309 3322 fortasse

191 3352 217 3398 c.
242 3355 273 3397 a.
290 3338 365 3396 639.
389 3335 477 3413 apud
496 3333 618 3413 fratres
640 3332 814 3398 Bobienses
836 3332 1088 3397 commorabatur
1096 3331 1117 3413 4,
1148 3333 1245 3396 donec
1267 3333 1307 3397 ab

191 3420 341 3485 Amando
369 3421 510 3503 episcopo
540 3420 668 3486 adiutor
696 3427 838 3487 evocatus
867 3426 920 3501 est,
954 3425 991 3484 ut
1021 3419 1060 3484 in
1093 3419 1309 3485 convertendis

191 3509 334 3574 Francis
350 3510 493 3592 poponis
514 3508 579 3591 ipsi
601 3509 768 3575 assisteret.
808 3509 891 3572 Mon
912 3508 949 3573 in
977 3507 1121 3574 Galliam
1143 3508 1308 3591 Belpicam

146 3619 173 3661 a
184 3598 357 3679 profectus,
375 3619 476 3681 prope
491 3599 652 3663 Elnonem
670 3598 775 3663 rivam
794 3596 968 3663 constitisse
985 3596 1118 3679 videtur,
1142 3619 1176 3663 eo
1192 3597 1309 3679 promi

191 3685 284 3751 dubio
313 3688 387 3766 loco,
418 3706 508 3767 quem
530 3686 755 3751 monasterium
778 3708 800 3751 a
822 3692 930 3750 sancto
952 3692 1161 3751 constructum
1183 3692 1307 3768 postea·

191 3794 250 3856 que
272 3796 311 3839 ev
332 3774 401 3857 ipso
423 3775 613 3856 appellatum
636 3775 814 3856 occupabat,
837 3773 972 3855 indeque
994 3781 1193 3839 occurrentes
1213 3795 1307 3855 prae·

191 3862 348 3928 dicatores
374 3863 516 3946 pontiam
539 3883 601 3945 per
629 3863 777 3944 Scorpim
801 3861 1002 3944 Scaldimque
1031 3862 1182 3927 lintribus
1210 3882 1307 3943 usquc

190 3951 643 4034 adoceanioranaoiqabant.
678 3950 793 4033 Qrioin
804 3949 1307 4033 nepotioqrooissimominimum

145 4061 173 4102 io
190 4038 365 4105 triennium
381 4041 613 4122 perseverabat.
652 4040 824 4104 Praeterea
846 4037 941 4103 etiam
963 4038 1000 4103 in
1018 4039 1208 4104 monasterio
1224 4038 1306 4103 Eoo·

190 4127 330 4194 riaconsi
352 4128 474 4194 diutius
496 4128 670 4195 constitisse
692 4128 824 4208 videtur,
854 4128 910 4192 ubi
938 4127 1061 4209 oirqine
1089 4129 1228 4208 quadam
1257 4127 1306 4192 de·

191 4301 219 4372 1)
236 4301 267 4356 r.
287 4303 401 4357 muno.
420 4302 460 4367 ΙΙ,
472 4304 497 4357 2.
552 4302 742 4369 2)Io.11,v.
796 4300 824 4368 s)
842 4300 886 4355 m.
903 4302 943 4367 11,
955 4303 999 4356 23.
1053 4301 1081 4368 4)
1103 4302 1144 4365 or.
1164 4301 1305 4368 quoram

196 4371 227 4428 V.
247 4374 404 4426 meanl
419 4375 608 4440 praemissam.

243 4480 317 4522 Iam.
1145 4478 1164 4530 4
